4.11,3.45,3.78,4.091,2014-02-23 09:57:13
4.11,3.45,3.78,4.091,2014-02-23 09:57:14
4.11,3.45,3.78,4.091,2014-02-23 09:57:25
4.11,3.45,3.78,4.091,2014-02-23 09:57:28
4.11,3.45,3.78,4.091,2014-02-23 09:57:35
4.11,3.45,3.78,4.091,2014-02-23 09:57:39
4.11,3.45,3.78,4.091,2014-02-23 09:57:45
4.11,3.45,3.78,4.089,2014-02-23 09:57:49
4.11,3.45,3.78,4.089,2014-02-23 09:57:58
4.11,3.45,3.78,4.089,2014-02-23 09:58:02
4.11,3.45,3.78,4.09,2014-02-23 09:58:08
4.11,3.45,3.78,4.09,2014-02-23 09:58:15
4.11,3.45,3.78,4.09,2014-02-23 09:58:18
4.11,3.45,3.78,4.09,2014-02-23 09:58:25
4.11,3.45,3.78,4.09,2014-02-23 09:58:28
4.11,3.45,3.78,4.09,2014-02-23 09:58:35
4.11,3.45,3.78,4.09,2014-02-23 09:58:41
4.11,3.45,3.78,4.09,2014-02-23 09:58:47
4.11,3.45,3.78,4.09,2014-02-23 09:58:52
4.11,3.45,3.78,4.09,2014-02-23 09:58:57
4.11,3.45,3.78,4.089,2014-02-23 09:59:04
4.11,3.45,3.78,4.089,2014-02-23 09:59:07
4.11,3.45,3.78,4.088,2014-02-23 09:59:15
4.11,3.45,3.78,4.089,2014-02-23 09:59:22
4.11,3.45,3.78,4.089,2014-02-23 09:59:25
4.11,3.45,3.78,4.09,2014-02-23 09:59:34
4.11,3.45,3.78,4.09,2014-02-23 09:59:35
4.11,3.45,3.78,4.089,2014-02-23 09:59:44
4.11,3.45,3.78,4.089,2014-02-23 09:59:46
4.11,3.45,3.78,4.089,2014-02-23 09:59:55
4.11,3.45,3.78,4.089,2014-02-23 09:59:56
4.116,3.45,3.783,4.054,2014-02-23 10:00:06
4.116,3.45,3.783,4.056,2014-02-23 10:00:09
4.116,3.45,3.783,4.056,2014-02-23 10:00:16
4.116,3.45,3.783,4.056,2014-02-23 10:00:19
4.116,3.45,3.783,4.056,2014-02-23 10:00:30
4.116,3.45,3.783,4.056,2014-02-23 10:00:31
4.116,3.45,3.783,4.056,2014-02-23 10:00:41
4.116,3.45,3.783,4.056,2014-02-23 10:00:44
4.116,3.45,3.783,4.05,2014-02-23 10:00:52
4.116,3.45,3.783,4.05,2014-02-23 10:00:55
4.116,3.45,3.783,4.05,2014-02-23 10:01:04
4.116,3.45,3.783,4.05,2014-02-23 10:01:05
4.116,3.45,3.783,4.05,2014-02-23 10:01:15
4.116,3.45,3.783,4.05,2014-02-23 10:01:18
4.116,3.45,3.783,4.05,2014-02-23 10:01:25
4.116,3.45,3.783,4.05,2014-02-23 10:01:31
4.116,3.45,3.783,4.05,2014-02-23 10:01:37
4.116,3.45,3.783,4.05,2014-02-23 10:01:41
4.116,3.45,3.783,4.05,2014-02-23 10:01:49
4.116,3.45,3.783,4.05,2014-02-23 10:01:51
4.116,3.45,3.783,4.05,2014-02-23 10:01:59
4.116,3.45,3.783,4.05,2014-02-23 10:02:03
4.116,3.45,3.783,4.05,2014-02-23 10:02:12
4.116,3.45,3.783,4.05,2014-02-23 10:02:13
4.116,3.45,3.783,4.049,2014-02-23 10:02:22
4.116,3.45,3.783,4.049,2014-02-23 10:02:25
4.116,3.45,3.783,4.049,2014-02-23 10:02:34
4.116,3.45,3.783,4.049,2014-02-23 10:02:36
4.116,3.45,3.783,4.03,2014-02-23 10:02:45
4.116,3.45,3.783,4.03,2014-02-23 10:02:47
4.116,3.45,3.783,4.03,2014-02-23 10:02:55
4.116,3.45,3.783,4.03,2014-02-23 10:02:57
4.116,3.45,3.783,4.03,2014-02-23 10:03:07
4.116,3.45,3.783,4.03,2014-02-23 10:03:07
4.116,3.45,3.783,4.015,2014-02-23 10:03:17
4.116,3.45,3.783,4.015,2014-02-23 10:03:18
4.116,3.45,3.783,4.015,2014-02-23 10:03:28
4.116,3.45,3.783,4.015,2014-02-23 10:03:28
4.116,3.45,3.783,4.015,2014-02-23 10:03:39
4.116,3.45,3.783,4.016,2014-02-23 10:03:41
4.116,3.45,3.783,4.016,2014-02-23 10:03:49
4.116,3.45,3.783,4.016,2014-02-23 10:03:51
4.116,3.45,3.783,4.015,2014-02-23 10:04:00
4.116,3.45,3.783,4.015,2014-02-23 10:04:05
4.116,3.45,3.783,4.015,2014-02-23 10:04:11
4.116,3.45,3.783,4.015,2014-02-23 10:04:16
4.116,3.45,3.783,4.015,2014-02-23 10:04:22
4.116,3.45,3.783,4.009,2014-02-23 10:04:27
4.116,3.45,3.783,4.009,2014-02-23 10:04:33
4.116,3.45,3.783,4.009,2014-02-23 10:04:40
4.116,3.45,3.783,4.009,2014-02-23 10:04:47
4.116,3.45,3.783,4.009,2014-02-23 10:04:51
4.116,3.45,3.783,3.996,2014-02-23 10:04:57
4.116,3.45,3.783,3.996,2014-02-23 10:05:04
4.116,3.45,3.783,3.989,2014-02-23 10:05:08
4.116,3.45,3.783,3.989,2014-02-23 10:05:14
4.116,3.45,3.783,3.989,2014-02-23 10:05:19
4.116,3.45,3.783,3.989,2014-02-23 10:05:26
4.116,3.45,3.783,3.989,2014-02-23 10:05:30
4.116,3.45,3.783,3.989,2014-02-23 10:05:38
4.116,3.45,3.783,3.989,2014-02-23 10:05:41
4.116,3.45,3.783,3.989,2014-02-23 10:05:50
4.116,3.45,3.783,3.989,2014-02-23 10:05:54
4.116,3.45,3.783,3.989,2014-02-23 10:06:01
4.116,3.45,3.783,3.989,2014-02-23 10:06:05
4.116,3.45,3.783,3.989,2014-02-23 10:06:14
4.116,3.45,3.783,3.989,2014-02-23 10:06:18
4.116,3.45,3.783,3.989,2014-02-23 10:06:24
4.116,3.45,3.783,4.001,2014-02-23 10:06:28
4.116,3.45,3.783,4.001,2014-02-23 10:06:39
4.116,3.45,3.783,4.001,2014-02-23 10:06:40
4.116,3.45,3.783,4.001,2014-02-23 10:06:50
4.116,3.45,3.783,4.001,2014-02-23 10:06:50
4.116,3.45,3.783,4.0,2014-02-23 10:07:01
4.116,3.45,3.783,4.0,2014-02-23 10:07:04
4.116,3.45,3.783,4.0,2014-02-23 10:07:13
4.116,3.45,3.783,3.952,2014-02-23 10:07:17
4.116,3.45,3.783,3.952,2014-02-23 10:07:25
4.116,3.45,3.783,3.952,2014-02-23 10:07:29
4.116,3.45,3.783,3.952,2014-02-23 10:07:35
4.116,3.45,3.783,3.952,2014-02-23 10:07:39
4.116,3.45,3.783,3.952,2014-02-23 10:07:46
4.116,3.45,3.783,3.952,2014-02-23 10:07:49
4.116,3.45,3.783,3.952,2014-02-23 10:07:56
4.116,3.45,3.783,3.952,2014-02-23 10:08:03
4.116,3.45,3.783,3.952,2014-02-23 10:08:06
4.116,3.45,3.783,3.952,2014-02-23 10:08:13
4.116,3.45,3.783,3.952,2014-02-23 10:08:17
4.116,3.45,3.783,3.989,2014-02-23 10:08:53
4.116,3.45,3.783,3.989,2014-02-23 10:08:54
4.116,3.45,3.783,3.99,2014-02-23 10:09:03
4.116,3.45,3.783,3.99,2014-02-23 10:09:06
4.116,3.45,3.783,3.99,2014-02-23 10:09:17
4.116,3.45,3.783,3.99,2014-02-23 10:09:19
4.116,3.45,3.783,3.99,2014-02-23 10:09:27
4.116,3.45,3.783,3.99,2014-02-23 10:09:29
4.116,3.45,3.783,4.0,2014-02-23 10:09:39
4.116,3.45,3.783,4.0,2014-02-23 10:09:41
4.116,3.45,3.783,4.0,2014-02-23 10:09:51
4.116,3.45,3.783,4.0,2014-02-23 10:09:51
4.116,3.45,3.783,4.0,2014-02-23 10:10:02
4.116,3.45,3.783,4.0,2014-02-23 10:10:05
4.116,3.45,3.783,4.0,2014-02-23 10:10:14
4.116,3.45,3.783,4.0,2014-02-23 10:10:16
4.116,3.45,3.783,4.0,2014-02-23 10:10:24
4.116,3.45,3.783,4.0,2014-02-23 10:10:27
4.116,3.45,3.783,4.0,2014-02-23 10:10:35
4.116,3.45,3.783,4.0,2014-02-23 10:10:38
4.116,3.45,3.783,4.0,2014-02-23 10:10:45
4.116,3.45,3.783,4.0,2014-02-23 10:10:49
4.116,3.45,3.783,4.001,2014-02-23 10:10:57
4.116,3.45,3.783,4.001,2014-02-23 10:11:03
4.116,3.45,3.783,4.001,2014-02-23 10:11:08
4.116,3.45,3.783,4.001,2014-02-23 10:11:14
4.116,3.45,3.783,4.001,2014-02-23 10:11:23
4.116,3.45,3.783,4.001,2014-02-23 10:11:26
4.116,3.45,3.783,4.001,2014-02-23 10:11:33
4.116,3.45,3.783,4.001,2014-02-23 10:11:37
4.116,3.45,3.783,4.02,2014-02-23 10:11:45
4.116,3.45,3.783,4.02,2014-02-23 10:11:49
4.116,3.45,3.783,4.02,2014-02-23 10:11:55
4.116,3.45,3.783,4.02,2014-02-23 10:11:59
4.116,3.45,3.783,4.001,2014-02-23 10:13:08
4.116,3.45,3.783,4.001,2014-02-23 10:13:13
4.116,3.45,3.783,4.001,2014-02-23 10:13:21
4.116,3.45,3.783,4.001,2014-02-23 10:13:23
4.116,3.45,3.783,4.001,2014-02-23 10:13:32
4.116,3.45,3.783,4.042,2014-02-23 10:13:34
4.116,3.45,3.783,4.042,2014-02-23 10:13:45
4.116,3.45,3.783,4.042,2014-02-23 10:13:46
4.116,3.45,3.783,4.042,2014-02-23 10:13:58
4.116,3.45,3.783,4.042,2014-02-23 10:14:07
4.116,3.45,3.783,4.042,2014-02-23 10:14:08
4.116,3.45,3.783,4.042,2014-02-23 10:14:18
4.116,3.45,3.783,4.042,2014-02-23 10:14:19
4.116,3.45,3.783,4.042,2014-02-23 10:14:29
4.116,3.45,3.783,4.042,2014-02-23 10:14:30
4.116,3.45,3.783,4.042,2014-02-23 10:14:41
4.116,3.45,3.783,4.042,2014-02-23 10:14:46
4.116,3.45,3.783,4.043,2014-02-23 10:14:52
4.116,3.45,3.783,4.043,2014-02-23 10:14:57
4.116,3.45,3.783,4.043,2014-02-23 10:15:02
4.116,3.45,3.783,4.043,2014-02-23 10:15:09
4.116,3.45,3.783,4.043,2014-02-23 10:15:12
4.116,3.45,3.783,4.043,2014-02-23 10:15:20
4.116,3.45,3.783,4.043,2014-02-23 10:15:23
4.116,3.45,3.783,4.043,2014-02-23 10:15:34
4.116,3.45,3.783,4.043,2014-02-23 10:15:35
4.116,3.45,3.783,4.043,2014-02-23 10:15:44
4.116,3.45,3.783,4.043,2014-02-23 10:15:46
4.116,3.45,3.783,4.043,2014-02-23 10:15:55
4.116,3.45,3.783,4.043,2014-02-23 10:15:57
4.116,3.45,3.783,3.991,2014-02-23 10:16:05
4.116,3.45,3.783,3.991,2014-02-23 10:16:16
4.116,3.45,3.783,3.991,2014-02-23 10:16:18
4.116,3.45,3.783,3.991,2014-02-23 10:16:27
4.116,3.45,3.783,4.049,2014-02-23 10:16:35
4.116,3.45,3.783,4.049,2014-02-23 10:16:40
4.116,3.45,3.783,4.049,2014-02-23 10:16:46
4.116,3.45,3.783,4.049,2014-02-23 10:16:51
4.116,3.45,3.783,4.047,2014-02-23 10:16:56
4.116,3.45,3.783,4.047,2014-02-23 10:17:01
4.116,3.45,3.783,4.047,2014-02-23 10:17:06
4.116,3.45,3.783,4.047,2014-02-23 10:17:12
4.116,3.45,3.783,4.047,2014-02-23 10:17:16
4.116,3.45,3.783,4.047,2014-02-23 10:17:24
4.116,3.45,3.783,4.047,2014-02-23 10:17:26
4.116,3.45,3.783,4.047,2014-02-23 10:17:35
4.116,3.45,3.783,4.047,2014-02-23 10:17:38
4.116,3.45,3.783,4.047,2014-02-23 10:17:45
4.116,3.45,3.783,4.047,2014-02-23 10:17:48
4.116,3.45,3.783,3.992,2014-02-23 10:17:57
4.116,3.45,3.783,3.992,2014-02-23 10:17:58
4.116,3.45,3.783,3.992,2014-02-23 10:18:13
4.116,3.45,3.783,4.02,2014-02-23 10:18:25
4.116,3.45,3.783,4.052,2014-02-23 10:18:35
4.116,3.45,3.783,4.052,2014-02-23 10:18:38
4.116,3.45,3.783,4.053,2014-02-23 10:18:46
4.116,3.45,3.783,4.053,2014-02-23 10:18:49
4.116,3.45,3.783,4.054,2014-02-23 10:18:58
4.116,3.45,3.783,4.054,2014-02-23 10:19:01
4.116,3.45,3.783,4.054,2014-02-23 10:19:09
4.116,3.45,3.783,4.054,2014-02-23 10:19:10
4.116,3.45,3.783,4.054,2014-02-23 10:19:19
4.116,3.45,3.783,4.054,2014-02-23 10:19:21
4.116,3.45,3.783,4.055,2014-02-23 10:19:33
4.116,3.45,3.783,4.055,2014-02-23 10:19:34
4.116,3.45,3.783,4.055,2014-02-23 10:19:43
4.116,3.45,3.783,4.055,2014-02-23 10:19:47
4.116,3.45,3.783,4.054,2014-02-23 10:19:54
4.116,3.45,3.783,4.054,2014-02-23 10:19:58
4.116,3.45,3.783,4.054,2014-02-23 10:20:07
4.116,3.45,3.783,4.054,2014-02-23 10:20:12
4.116,3.45,3.783,4.054,2014-02-23 10:20:19
4.116,3.45,3.783,4.054,2014-02-23 10:20:26
4.116,3.45,3.783,4.054,2014-02-23 10:20:29
4.116,3.45,3.783,4.054,2014-02-23 10:20:37
4.116,3.45,3.783,4.054,2014-02-23 10:20:44
4.116,3.45,3.783,4.054,2014-02-23 10:20:47
4.116,3.45,3.783,4.054,2014-02-23 10:20:57
4.116,3.45,3.783,4.054,2014-02-23 10:21:01
4.116,3.45,3.783,4.054,2014-02-23 10:21:07
4.116,3.45,3.783,4.054,2014-02-23 10:21:11
4.116,3.45,3.783,4.054,2014-02-23 10:21:17
4.116,3.45,3.783,4.054,2014-02-23 10:21:21
4.116,3.45,3.783,4.054,2014-02-23 10:21:29
4.116,3.45,3.783,4.054,2014-02-23 10:21:33
4.116,3.45,3.783,4.054,2014-02-23 10:21:40
4.116,3.45,3.783,4.054,2014-02-23 10:21:45
4.116,3.45,3.783,4.054,2014-02-23 10:21:54
4.116,3.45,3.783,4.054,2014-02-23 10:21:56
4.116,3.45,3.783,4.054,2014-02-23 10:22:05
4.116,3.45,3.783,4.054,2014-02-23 10:22:06
4.116,3.45,3.783,4.001,2014-02-23 10:22:16
4.116,3.45,3.783,4.001,2014-02-23 10:22:17
4.116,3.45,3.783,4.001,2014-02-23 10:22:24
4.116,3.45,3.783,4.001,2014-02-23 10:22:25
4.116,3.45,3.783,4.001,2014-02-23 10:22:35
4.116,3.45,3.783,4.001,2014-02-23 10:22:36
4.116,3.45,3.783,4.001,2014-02-23 10:22:47
4.116,3.45,3.783,4.001,2014-02-23 10:22:48
4.116,3.45,3.783,4.001,2014-02-23 10:22:57
4.116,3.45,3.783,4.001,2014-02-23 10:22:58
4.116,3.45,3.783,4.002,2014-02-23 10:23:08
4.116,3.45,3.783,4.002,2014-02-23 10:23:09
4.116,3.45,3.783,4.002,2014-02-23 10:23:18
4.116,3.45,3.783,4.002,2014-02-23 10:23:21
4.116,3.45,3.783,4.049,2014-02-23 10:23:29
4.116,3.45,3.783,4.049,2014-02-23 10:23:49
4.116,3.45,3.783,4.049,2014-02-23 10:23:54
4.116,3.45,3.783,4.049,2014-02-23 10:23:59
4.116,3.45,3.783,4.049,2014-02-23 10:24:05
4.116,3.45,3.783,4.049,2014-02-23 10:24:09
4.116,3.45,3.783,4.049,2014-02-23 10:24:16
4.116,3.45,3.783,4.049,2014-02-23 10:24:22
4.116,3.45,3.783,4.049,2014-02-23 10:24:28
4.116,3.45,3.783,4.049,2014-02-23 10:24:32
4.116,3.45,3.783,4.049,2014-02-23 10:24:39
4.116,3.45,3.783,4.049,2014-02-23 10:24:42
4.116,3.45,3.783,4.049,2014-02-23 10:24:50
4.116,3.45,3.783,4.049,2014-02-23 10:24:54
4.116,3.45,3.783,4.049,2014-02-23 10:25:00
4.116,3.45,3.783,4.049,2014-02-23 10:25:04
4.116,3.45,3.783,4.049,2014-02-23 10:25:12
4.116,3.45,3.783,4.049,2014-02-23 10:25:16
4.116,3.45,3.783,4.049,2014-02-23 10:25:23
4.116,3.45,3.783,4.049,2014-02-23 10:25:28
4.116,3.45,3.783,4.049,2014-02-23 10:25:33
4.116,3.45,3.783,4.049,2014-02-23 10:25:40
4.116,3.45,3.783,4.054,2014-02-23 10:26:35
4.116,3.45,3.783,4.054,2014-02-23 10:26:36
4.116,3.45,3.783,4.054,2014-02-23 10:26:46
4.116,3.45,3.783,4.054,2014-02-23 10:26:47
4.116,3.45,3.783,4.054,2014-02-23 10:26:57
4.116,3.45,3.783,4.054,2014-02-23 10:26:57
4.116,3.458,3.787,4.054,2014-02-23 10:27:21
4.116,3.458,3.787,4.054,2014-02-23 10:27:23
4.116,3.458,3.787,4.049,2014-02-23 10:27:32
4.116,3.458,3.787,4.049,2014-02-23 10:27:37
4.116,3.458,3.787,4.049,2014-02-23 10:27:46
4.116,3.458,3.787,4.049,2014-02-23 10:27:47
4.116,3.458,3.787,4.049,2014-02-23 10:27:57
4.116,3.458,3.787,4.049,2014-02-23 10:27:57
4.116,3.458,3.787,4.049,2014-02-23 10:28:08
4.116,3.458,3.787,4.049,2014-02-23 10:28:09
4.116,3.458,3.787,4.049,2014-02-23 10:28:19
4.116,3.458,3.787,4.049,2014-02-23 10:28:20
4.116,3.458,3.787,4.049,2014-02-23 10:28:30
4.116,3.458,3.787,4.049,2014-02-23 10:28:30
4.116,3.458,3.787,4.049,2014-02-23 10:28:40
4.116,3.458,3.787,4.049,2014-02-23 10:28:40
4.116,3.458,3.787,4.049,2014-02-23 10:28:51
4.116,3.458,3.787,4.049,2014-02-23 10:28:54
4.116,3.458,3.787,4.049,2014-02-23 10:29:01
4.116,3.458,3.787,4.049,2014-02-23 10:29:04
4.116,3.458,3.787,4.049,2014-02-23 10:29:13
4.116,3.458,3.787,4.049,2014-02-23 10:29:15
4.116,3.458,3.787,4.049,2014-02-23 10:29:24
4.116,3.458,3.787,4.049,2014-02-23 10:29:26
4.116,3.458,3.787,4.049,2014-02-23 10:29:37
4.116,3.458,3.787,4.049,2014-02-23 10:29:37
4.116,3.458,3.787,4.049,2014-02-23 10:29:47
4.116,3.458,3.787,4.049,2014-02-23 10:29:48
4.116,3.458,3.787,4.049,2014-02-23 10:29:57
4.116,3.458,3.787,4.049,2014-02-23 10:29:58
4.116,3.458,3.787,4.049,2014-02-23 10:30:08
4.116,3.458,3.787,4.049,2014-02-23 10:30:08
4.116,3.458,3.787,4.049,2014-02-23 10:30:18
4.116,3.458,3.787,4.049,2014-02-23 10:30:21
4.116,3.458,3.787,4.049,2014-02-23 10:30:28
4.116,3.458,3.787,4.049,2014-02-23 10:30:34
4.116,3.458,3.787,4.049,2014-02-23 10:30:38
4.116,3.458,3.787,4.049,2014-02-23 10:30:44
4.116,3.458,3.787,4.049,2014-02-23 10:30:48
4.116,3.458,3.787,4.08,2014-02-23 10:30:57
4.116,3.458,3.787,4.08,2014-02-23 10:30:59
4.116,3.458,3.787,4.08,2014-02-23 10:31:11
4.116,3.458,3.787,4.08,2014-02-23 10:31:14
4.116,3.458,3.787,4.08,2014-02-23 10:31:21
4.116,3.458,3.787,4.08,2014-02-23 10:31:23
4.116,3.458,3.787,4.049,2014-02-23 10:31:35
4.116,3.458,3.787,4.049,2014-02-23 10:31:36
4.116,3.458,3.787,4.049,2014-02-23 10:31:46
4.116,3.458,3.787,4.049,2014-02-23 10:31:47
4.116,3.458,3.787,4.049,2014-02-23 10:31:57
4.116,3.458,3.787,4.049,2014-02-23 10:31:58
4.116,3.458,3.787,4.005,2014-02-23 10:32:07
4.116,3.458,3.787,4.005,2014-02-23 10:32:08
4.116,3.458,3.787,4.005,2014-02-23 10:32:17
4.116,3.458,3.787,4.005,2014-02-23 10:32:19
4.116,3.458,3.787,4.049,2014-02-23 10:32:28
4.116,3.458,3.787,4.049,2014-02-23 10:32:31
4.116,3.458,3.787,4.049,2014-02-23 10:32:40
4.116,3.458,3.787,4.049,2014-02-23 10:32:42
4.116,3.458,3.787,4.049,2014-02-23 10:32:50
4.116,3.458,3.787,4.049,2014-02-23 10:32:53
4.116,3.458,3.787,4.049,2014-02-23 10:33:01
4.116,3.458,3.787,4.049,2014-02-23 10:33:04
4.116,3.458,3.787,4.049,2014-02-23 10:33:12
4.116,3.458,3.787,4.049,2014-02-23 10:33:19
4.116,3.458,3.787,4.049,2014-02-23 10:33:22
4.116,3.458,3.787,4.049,2014-02-23 10:33:30
4.116,3.458,3.787,4.049,2014-02-23 10:33:33
4.116,3.458,3.787,4.049,2014-02-23 10:33:41
4.116,3.458,3.787,4.049,2014-02-23 10:33:43
4.116,3.458,3.787,4.049,2014-02-23 10:33:52
4.116,3.458,3.787,4.049,2014-02-23 10:33:53
4.116,3.458,3.787,4.049,2014-02-23 10:34:02
4.116,3.458,3.787,4.049,2014-02-23 10:34:07
4.116,3.458,3.787,4.049,2014-02-23 10:34:13
4.116,3.458,3.787,4.049,2014-02-23 10:34:17
4.116,3.458,3.787,4.049,2014-02-23 10:34:23
4.116,3.458,3.787,4.049,2014-02-23 10:34:29
4.116,3.458,3.787,4.049,2014-02-23 10:34:34
4.116,3.458,3.787,4.049,2014-02-23 10:34:40
4.116,3.458,3.787,4.049,2014-02-23 10:34:44
4.116,3.458,3.787,4.049,2014-02-23 10:34:50
4.116,3.458,3.787,4.049,2014-02-23 10:34:54
4.116,3.458,3.787,4.049,2014-02-23 10:35:02
4.116,3.458,3.787,4.049,2014-02-23 10:35:08
4.116,3.458,3.787,4.049,2014-02-23 10:35:12
4.116,3.458,3.787,4.049,2014-02-23 10:35:18
4.116,3.458,3.787,4.049,2014-02-23 10:35:23
4.116,3.458,3.787,4.049,2014-02-23 10:35:29
4.116,3.458,3.787,4.049,2014-02-23 10:35:34
4.116,3.458,3.787,4.049,2014-02-23 10:35:40
4.116,3.458,3.787,4.049,2014-02-23 10:35:45
4.116,3.458,3.787,4.049,2014-02-23 10:35:51
4.116,3.458,3.787,4.049,2014-02-23 10:35:56
4.116,3.458,3.787,4.049,2014-02-23 10:36:03
4.116,3.458,3.787,4.049,2014-02-23 10:36:06
4.116,3.458,3.787,4.049,2014-02-23 10:36:14
4.116,3.458,3.787,4.049,2014-02-23 10:36:17
4.116,3.458,3.787,4.049,2014-02-23 10:36:24
4.116,3.458,3.787,4.049,2014-02-23 10:36:31
4.116,3.458,3.787,4.038,2014-02-23 10:36:35
4.116,3.458,3.787,4.038,2014-02-23 10:36:42
4.116,3.458,3.787,4.038,2014-02-23 10:36:47
4.116,3.458,3.787,4.038,2014-02-23 10:36:54
4.116,3.458,3.787,4.038,2014-02-23 10:36:57
4.116,3.458,3.787,4.038,2014-02-23 10:37:06
4.116,3.458,3.787,4.038,2014-02-23 10:37:08
4.116,3.458,3.787,4.003,2014-02-23 10:37:16
4.116,3.458,3.787,4.003,2014-02-23 10:37:18
4.116,3.458,3.787,4.003,2014-02-23 10:37:27
4.116,3.458,3.787,4.003,2014-02-23 10:37:28
4.116,3.458,3.787,4.003,2014-02-23 10:37:39
4.116,3.458,3.787,4.003,2014-02-23 10:37:41
4.116,3.458,3.787,4.003,2014-02-23 10:37:50
4.116,3.458,3.787,4.003,2014-02-23 10:37:53
4.116,3.458,3.787,4.003,2014-02-23 10:38:03
4.116,3.458,3.787,4.003,2014-02-23 10:38:08
4.116,3.458,3.787,4.003,2014-02-23 10:38:14
4.116,3.458,3.787,4.003,2014-02-23 10:38:18
4.116,3.458,3.787,4.003,2014-02-23 10:38:24
4.116,3.458,3.787,4.003,2014-02-23 10:38:30
4.116,3.458,3.787,4.003,2014-02-23 10:38:36
4.116,3.458,3.787,4.003,2014-02-23 10:38:40
4.116,3.458,3.787,4.003,2014-02-23 10:38:47
4.116,3.458,3.787,4.003,2014-02-23 10:38:50
4.116,3.458,3.787,4.003,2014-02-23 10:39:01
4.116,3.458,3.787,4.003,2014-02-23 10:39:02
4.116,3.458,3.787,4.003,2014-02-23 10:39:12
4.116,3.458,3.787,4.003,2014-02-23 10:39:18
4.116,3.458,3.787,4.003,2014-02-23 10:39:22
4.116,3.458,3.787,3.984,2014-02-23 10:39:29
4.116,3.458,3.787,3.984,2014-02-23 10:39:34
4.116,3.458,3.787,3.984,2014-02-23 10:39:39
4.116,3.458,3.787,3.984,2014-02-23 10:39:45
4.116,3.458,3.787,3.984,2014-02-23 10:39:49
4.116,3.458,3.787,3.984,2014-02-23 10:39:56
4.116,3.458,3.787,3.981,2014-02-23 10:40:00
4.116,3.458,3.787,3.981,2014-02-23 10:40:06
4.116,3.458,3.787,3.981,2014-02-23 10:40:11
4.116,3.458,3.787,3.981,2014-02-23 10:40:17
4.116,3.458,3.787,3.981,2014-02-23 10:40:25
4.116,3.458,3.787,3.981,2014-02-23 10:40:28
4.116,3.458,3.787,3.981,2014-02-23 10:40:36
4.116,3.458,3.787,3.981,2014-02-23 10:40:38
4.116,3.458,3.787,3.981,2014-02-23 10:40:50
4.116,3.458,3.787,3.981,2014-02-23 10:40:51
4.116,3.458,3.787,3.981,2014-02-23 10:41:00
4.116,3.458,3.787,3.981,2014-02-23 10:41:02
4.116,3.458,3.787,3.981,2014-02-23 10:41:10
4.116,3.458,3.787,3.981,2014-02-23 10:41:12
4.116,3.458,3.787,3.981,2014-02-23 10:41:22
4.116,3.458,3.787,3.981,2014-02-23 10:41:24
4.116,3.458,3.787,3.981,2014-02-23 10:41:35
4.116,3.458,3.787,3.981,2014-02-23 10:41:37
4.116,3.458,3.787,3.981,2014-02-23 10:41:45
4.116,3.458,3.787,3.981,2014-02-23 10:41:48
4.116,3.458,3.787,3.981,2014-02-23 10:42:00
4.116,3.458,3.787,3.981,2014-02-23 10:42:01
4.116,3.458,3.787,3.981,2014-02-23 10:42:10
4.116,3.458,3.787,3.981,2014-02-23 10:42:15
4.116,3.458,3.787,3.981,2014-02-23 10:42:22
4.116,3.458,3.787,3.981,2014-02-23 10:42:26
4.116,3.458,3.787,3.981,2014-02-23 10:42:33
4.116,3.458,3.787,3.981,2014-02-23 10:42:38
4.116,3.458,3.787,3.981,2014-02-23 10:42:43
4.116,3.458,3.787,3.981,2014-02-23 10:42:48
4.116,3.458,3.787,3.981,2014-02-23 10:42:53
4.116,3.458,3.787,3.981,2014-02-23 10:43:00
4.116,3.458,3.787,3.981,2014-02-23 10:43:07
4.116,3.458,3.787,3.981,2014-02-23 10:43:10
4.116,3.458,3.787,3.981,2014-02-23 10:43:17
4.116,3.458,3.787,3.981,2014-02-23 10:43:20
4.116,3.458,3.787,3.981,2014-02-23 10:43:29
4.116,3.458,3.787,3.981,2014-02-23 10:43:32
4.116,3.458,3.787,3.98,2014-02-23 10:43:42
4.116,3.458,3.787,3.98,2014-02-23 10:43:43
4.116,3.458,3.787,4.003,2014-02-23 10:43:52
4.116,3.458,3.787,4.003,2014-02-23 10:43:53
4.116,3.458,3.787,4.003,2014-02-23 10:44:02
4.116,3.458,3.787,4.003,2014-02-23 10:44:06
4.116,3.458,3.787,4.003,2014-02-23 10:44:14
4.116,3.458,3.787,4.003,2014-02-23 10:44:16
4.116,3.458,3.787,4.003,2014-02-23 10:44:25
4.116,3.458,3.787,4.003,2014-02-23 10:44:31
4.116,3.458,3.787,4.003,2014-02-23 10:44:37
4.116,3.458,3.787,4.003,2014-02-23 10:44:41
4.116,3.458,3.787,4.003,2014-02-23 10:44:49
4.116,3.458,3.787,4.003,2014-02-23 10:44:54
4.116,3.458,3.787,4.003,2014-02-23 10:45:00
4.116,3.458,3.787,4.003,2014-02-23 10:45:05
4.116,3.458,3.787,4.003,2014-02-23 10:45:11
4.116,3.458,3.787,4.003,2014-02-23 10:45:16
4.116,3.458,3.787,4.003,2014-02-23 10:45:22
4.116,3.458,3.787,4.003,2014-02-23 10:45:28
4.116,3.458,3.787,4.003,2014-02-23 10:45:32
4.116,3.458,3.787,4.003,2014-02-23 10:45:39
4.116,3.458,3.787,4.003,2014-02-23 10:45:46
4.116,3.458,3.787,4.003,2014-02-23 10:45:49
4.116,3.458,3.787,4.003,2014-02-23 10:45:56
4.116,3.458,3.787,4.003,2014-02-23 10:46:03
4.116,3.458,3.787,4.003,2014-02-23 10:46:06
4.116,3.458,3.787,4.003,2014-02-23 10:46:13
4.116,3.458,3.787,4.003,2014-02-23 10:46:17
4.116,3.458,3.787,4.003,2014-02-23 10:46:24
4.116,3.458,3.787,4.003,2014-02-23 10:46:27
4.116,3.458,3.787,4.003,2014-02-23 10:46:38
4.116,3.458,3.787,4.003,2014-02-23 10:46:38
4.116,3.458,3.787,4.003,2014-02-23 10:46:48
4.116,3.458,3.787,4.003,2014-02-23 10:46:49
4.116,3.458,3.787,4.003,2014-02-23 10:47:00
4.116,3.458,3.787,4.003,2014-02-23 10:47:01
4.116,3.458,3.787,4.003,2014-02-23 10:47:10
4.116,3.458,3.787,4.003,2014-02-23 10:47:12
4.116,3.458,3.787,4.001,2014-02-23 10:47:20
4.116,3.458,3.787,4.001,2014-02-23 10:47:22
4.116,3.458,3.787,4.001,2014-02-23 10:47:30
4.116,3.458,3.787,4.001,2014-02-23 10:47:33
4.116,3.458,3.787,4.001,2014-02-23 10:47:40
4.116,3.458,3.787,4.001,2014-02-23 10:47:45
4.116,3.458,3.787,4.001,2014-02-23 10:47:55
4.116,3.458,3.787,4.001,2014-02-23 10:47:57
4.116,3.458,3.787,4.001,2014-02-23 10:48:07
4.116,3.458,3.787,4.001,2014-02-23 10:48:08
4.116,3.458,3.787,3.98,2014-02-23 10:48:18
4.116,3.458,3.787,3.98,2014-02-23 10:48:20
4.116,3.458,3.787,3.98,2014-02-23 10:48:28
4.116,3.458,3.787,3.98,2014-02-23 10:48:30
4.116,3.458,3.787,3.98,2014-02-23 10:48:38
4.116,3.458,3.787,3.98,2014-02-23 10:48:44
4.116,3.458,3.787,3.98,2014-02-23 10:48:48
4.116,3.458,3.787,3.98,2014-02-23 10:48:56
4.116,3.458,3.787,3.98,2014-02-23 10:48:58
4.116,3.458,3.787,3.98,2014-02-23 10:49:06
4.116,3.458,3.787,3.98,2014-02-23 10:49:10
4.116,3.458,3.787,3.98,2014-02-23 10:49:16
4.116,3.458,3.787,3.98,2014-02-23 10:49:20
4.116,3.458,3.787,3.98,2014-02-23 10:49:27
4.116,3.458,3.787,3.98,2014-02-23 10:49:31
4.116,3.458,3.787,3.98,2014-02-23 10:49:38
4.116,3.458,3.787,3.98,2014-02-23 10:49:43
4.116,3.458,3.787,3.98,2014-02-23 10:49:48
4.116,3.458,3.787,3.98,2014-02-23 10:49:53
4.116,3.458,3.787,3.98,2014-02-23 10:49:59
4.116,3.458,3.787,3.98,2014-02-23 10:50:05
4.116,3.458,3.787,3.98,2014-02-23 10:50:10
4.116,3.458,3.787,3.98,2014-02-23 10:50:16
4.116,3.458,3.787,3.98,2014-02-23 10:50:22
4.116,3.458,3.787,3.98,2014-02-23 10:50:26
4.116,3.458,3.787,3.98,2014-02-23 10:50:33
4.116,3.458,3.787,3.98,2014-02-23 10:50:38
4.116,3.458,3.787,3.98,2014-02-23 10:50:44
4.116,3.458,3.787,3.98,2014-02-23 10:50:48
4.116,3.458,3.787,3.98,2014-02-23 10:50:54
4.116,3.458,3.787,3.98,2014-02-23 10:50:58
4.116,3.458,3.787,3.98,2014-02-23 10:51:05
4.116,3.458,3.787,3.98,2014-02-23 10:51:12
4.116,3.458,3.787,3.98,2014-02-23 10:51:16
4.116,3.458,3.787,3.98,2014-02-23 10:51:26
4.116,3.458,3.787,3.98,2014-02-23 10:51:27
4.116,3.458,3.787,3.98,2014-02-23 10:51:36
4.116,3.458,3.787,3.98,2014-02-23 10:51:41
4.116,3.458,3.787,3.98,2014-02-23 10:51:47
4.116,3.458,3.787,3.98,2014-02-23 10:51:52
4.116,3.458,3.787,3.98,2014-02-23 10:51:58
4.116,3.458,3.787,3.98,2014-02-23 10:52:02
4.116,3.458,3.787,3.98,2014-02-23 10:52:11
4.116,3.458,3.787,3.98,2014-02-23 10:52:12
4.116,3.458,3.787,3.98,2014-02-23 10:52:22
4.116,3.458,3.787,3.98,2014-02-23 10:52:22
4.116,3.458,3.787,3.98,2014-02-23 10:52:33
4.116,3.458,3.787,3.98,2014-02-23 10:52:33
4.116,3.458,3.787,3.98,2014-02-23 10:52:43
4.116,3.458,3.787,3.98,2014-02-23 10:52:43
4.116,3.458,3.787,3.98,2014-02-23 10:52:53
4.116,3.458,3.787,3.98,2014-02-23 10:52:53
4.116,3.458,3.787,3.975,2014-02-23 10:53:04
4.116,3.458,3.787,3.975,2014-02-23 10:53:04
4.116,3.458,3.787,3.975,2014-02-23 10:53:14
4.116,3.458,3.787,3.975,2014-02-23 10:53:14
4.116,3.458,3.787,3.975,2014-02-23 10:53:25
4.116,3.458,3.787,3.975,2014-02-23 10:53:26
4.116,3.458,3.787,3.975,2014-02-23 10:53:37
4.116,3.458,3.787,3.975,2014-02-23 10:53:38
4.116,3.458,3.787,3.975,2014-02-23 10:53:48
4.116,3.458,3.787,3.975,2014-02-23 10:53:49
4.116,3.458,3.787,3.96,2014-02-23 10:53:58
4.116,3.458,3.787,3.96,2014-02-23 10:54:07
4.116,3.458,3.787,3.96,2014-02-23 10:54:10
4.116,3.458,3.787,3.96,2014-02-23 10:54:17
4.116,3.458,3.787,3.971,2014-02-23 10:54:20
4.116,3.458,3.787,3.971,2014-02-23 10:54:27
4.116,3.458,3.787,3.971,2014-02-23 10:54:30
4.116,3.458,3.787,3.971,2014-02-23 10:54:38
4.116,3.458,3.787,3.971,2014-02-23 10:54:43
4.116,3.458,3.787,3.971,2014-02-23 10:54:49
4.116,3.458,3.787,3.971,2014-02-23 10:54:54
4.116,3.458,3.787,3.971,2014-02-23 10:54:59
4.116,3.46,3.788,3.971,2014-02-23 10:55:05
4.116,3.46,3.788,3.971,2014-02-23 10:55:10
4.116,3.46,3.788,3.971,2014-02-23 10:55:15
4.116,3.46,3.788,3.971,2014-02-23 10:55:20
4.116,3.46,3.788,3.975,2014-02-23 10:55:25
4.116,3.46,3.788,3.975,2014-02-23 10:55:30
4.116,3.46,3.788,3.975,2014-02-23 10:55:36
4.116,3.46,3.788,3.975,2014-02-23 10:55:41
4.116,3.46,3.788,3.975,2014-02-23 10:55:48
4.116,3.46,3.788,3.975,2014-02-23 10:55:52
4.116,3.46,3.788,3.96,2014-02-23 10:58:52
4.116,3.46,3.788,3.96,2014-02-23 10:58:53
4.116,3.46,3.788,3.96,2014-02-23 10:59:02
4.116,3.46,3.788,3.96,2014-02-23 10:59:08
4.116,3.46,3.788,3.96,2014-02-23 10:59:28
4.116,3.46,3.788,3.96,2014-02-23 10:59:28
4.116,3.46,3.788,3.96,2014-02-23 10:59:40
4.116,3.46,3.788,3.96,2014-02-23 10:59:40
4.116,3.46,3.788,3.96,2014-02-23 10:59:50
4.116,3.46,3.788,3.96,2014-02-23 10:59:51
4.116,3.46,3.788,3.96,2014-02-23 11:00:02
4.116,3.46,3.788,3.96,2014-02-23 11:00:03
4.116,3.46,3.788,3.96,2014-02-23 11:00:13
4.116,3.46,3.788,3.96,2014-02-23 11:00:15
4.116,3.46,3.788,3.96,2014-02-23 11:00:24
4.116,3.46,3.788,3.96,2014-02-23 11:00:25
4.116,3.46,3.788,3.96,2014-02-23 11:00:34
4.116,3.46,3.788,3.96,2014-02-23 11:00:35
4.116,3.46,3.788,3.96,2014-02-23 11:00:47
4.116,3.46,3.788,3.96,2014-02-23 11:00:48
4.116,3.46,3.788,3.96,2014-02-23 11:00:57
4.116,3.46,3.788,4.003,2014-02-23 11:00:58
4.116,3.46,3.788,4.003,2014-02-23 11:01:08
4.116,3.46,3.788,4.003,2014-02-23 11:01:09
4.116,3.46,3.788,3.96,2014-02-23 11:01:19
4.116,3.46,3.788,3.96,2014-02-23 11:01:20
4.116,3.46,3.788,3.96,2014-02-23 11:01:29
4.116,3.46,3.788,3.96,2014-02-23 11:01:31
4.116,3.46,3.788,3.956,2014-02-23 11:01:40
4.116,3.46,3.788,3.956,2014-02-23 11:01:41
4.116,3.46,3.788,3.956,2014-02-23 11:01:50
4.116,3.46,3.788,3.957,2014-02-23 11:01:52
4.116,3.46,3.788,3.957,2014-02-23 11:02:03
4.116,3.46,3.788,3.957,2014-02-23 11:02:03
4.116,3.46,3.788,3.957,2014-02-23 11:02:14
4.116,3.46,3.788,3.957,2014-02-23 11:02:14
4.116,3.46,3.788,3.957,2014-02-23 11:02:25
4.116,3.46,3.788,3.957,2014-02-23 11:02:26
4.116,3.46,3.788,3.957,2014-02-23 11:02:35
4.116,3.46,3.788,3.957,2014-02-23 11:02:37
4.116,3.46,3.788,3.95,2014-02-23 11:02:47
4.116,3.46,3.788,3.95,2014-02-23 11:02:47
4.116,3.46,3.788,3.95,2014-02-23 11:02:57
4.116,3.46,3.788,3.95,2014-02-23 11:02:59
4.116,3.46,3.788,3.935,2014-02-23 11:03:08
4.116,3.46,3.788,3.935,2014-02-23 11:03:10
4.116,3.46,3.788,3.935,2014-02-23 11:03:19
4.116,3.46,3.788,3.935,2014-02-23 11:03:21
4.116,3.46,3.788,3.925,2014-02-23 11:03:30
4.116,3.46,3.788,3.925,2014-02-23 11:03:31
4.116,3.46,3.788,3.95,2014-02-23 11:03:40
4.116,3.46,3.788,3.95,2014-02-23 11:03:45
4.116,3.46,3.788,3.95,2014-02-23 11:03:51
4.116,3.46,3.788,3.925,2014-02-23 11:03:57
4.116,3.46,3.788,3.925,2014-02-23 11:04:02
4.116,3.46,3.788,3.925,2014-02-23 11:04:07
4.116,3.46,3.788,3.925,2014-02-23 11:04:14
4.116,3.46,3.788,3.925,2014-02-23 11:04:18
4.116,3.46,3.788,3.925,2014-02-23 11:04:24
4.116,3.46,3.788,3.925,2014-02-23 11:04:29
4.116,3.46,3.788,3.925,2014-02-23 11:04:34
4.116,3.46,3.788,3.925,2014-02-23 11:04:41
4.116,3.46,3.788,3.925,2014-02-23 11:04:45
4.116,3.46,3.788,3.925,2014-02-23 11:04:51
4.116,3.46,3.788,3.925,2014-02-23 11:05:00
4.116,3.46,3.788,3.925,2014-02-23 11:05:03
4.116,3.46,3.788,3.925,2014-02-23 11:05:11
4.116,3.46,3.788,3.925,2014-02-23 11:05:13
4.116,3.46,3.788,3.925,2014-02-23 11:05:22
4.116,3.46,3.788,3.925,2014-02-23 11:05:23
4.116,3.46,3.788,3.925,2014-02-23 11:05:32
4.116,3.46,3.788,3.925,2014-02-23 11:05:34
4.116,3.46,3.788,3.922,2014-02-23 11:05:42
4.116,3.46,3.788,3.922,2014-02-23 11:05:44
4.116,3.46,3.788,3.922,2014-02-23 11:05:53
4.116,3.46,3.788,3.922,2014-02-23 11:05:55
4.116,3.46,3.788,3.95,2014-02-23 11:06:04
4.116,3.46,3.788,3.95,2014-02-23 11:06:07
4.116,3.46,3.788,3.95,2014-02-23 11:06:14
4.116,3.46,3.788,3.95,2014-02-23 11:06:17
4.116,3.46,3.788,3.95,2014-02-23 11:06:25
4.116,3.46,3.788,3.95,2014-02-23 11:06:28
4.116,3.46,3.788,3.95,2014-02-23 11:06:35
4.116,3.46,3.788,3.95,2014-02-23 11:06:38
4.116,3.46,3.788,3.94,2014-02-23 11:06:45
4.116,3.46,3.788,3.94,2014-02-23 11:06:48
4.116,3.46,3.788,3.94,2014-02-23 11:06:59
4.116,3.46,3.788,3.94,2014-02-23 11:07:01
4.116,3.46,3.788,3.94,2014-02-23 11:07:11
4.116,3.46,3.788,3.94,2014-02-23 11:07:11
4.116,3.46,3.788,3.925,2014-02-23 11:07:21
4.116,3.46,3.788,3.925,2014-02-23 11:07:21
4.116,3.46,3.788,3.94,2014-02-23 11:07:31
4.116,3.46,3.788,3.94,2014-02-23 11:07:32
4.116,3.46,3.788,3.94,2014-02-23 11:07:42
4.116,3.46,3.788,3.94,2014-02-23 11:07:42
4.116,3.46,3.788,3.94,2014-02-23 11:07:52
4.116,3.46,3.788,3.94,2014-02-23 11:07:54
4.116,3.46,3.788,3.94,2014-02-23 11:08:06
4.116,3.46,3.788,3.94,2014-02-23 11:08:08
4.116,3.46,3.788,3.94,2014-02-23 11:08:17
4.116,3.46,3.788,3.94,2014-02-23 11:08:18
4.116,3.46,3.788,3.94,2014-02-23 11:08:28
4.116,3.46,3.788,3.94,2014-02-23 11:08:29
4.116,3.46,3.788,3.94,2014-02-23 11:08:39
4.116,3.46,3.788,3.94,2014-02-23 11:08:40
4.116,3.46,3.788,3.94,2014-02-23 11:08:48
4.116,3.46,3.788,3.94,2014-02-23 11:08:51
4.116,3.46,3.788,3.94,2014-02-23 11:08:59
4.116,3.46,3.788,3.94,2014-02-23 11:09:01
4.116,3.46,3.788,3.922,2014-02-23 11:09:09
4.116,3.46,3.788,3.922,2014-02-23 11:09:11
4.116,3.46,3.788,3.922,2014-02-23 11:09:19
4.116,3.46,3.788,3.922,2014-02-23 11:09:24
4.116,3.46,3.788,3.922,2014-02-23 11:09:32
4.116,3.46,3.788,3.922,2014-02-23 11:09:43
4.116,3.46,3.788,3.922,2014-02-23 11:09:45
4.116,3.46,3.788,3.922,2014-02-23 11:09:53
4.116,3.46,3.788,3.922,2014-02-23 11:09:56
4.116,3.46,3.788,3.922,2014-02-23 11:10:04
4.116,3.46,3.788,3.922,2014-02-23 11:10:09
4.116,3.46,3.788,3.922,2014-02-23 11:10:15
4.116,3.46,3.788,3.922,2014-02-23 11:10:19
4.116,3.46,3.788,3.922,2014-02-23 11:10:25
4.116,3.46,3.788,3.922,2014-02-23 11:10:33
4.116,3.46,3.788,3.922,2014-02-23 11:10:42
4.116,3.46,3.788,3.922,2014-02-23 11:10:44
4.116,3.46,3.788,3.922,2014-02-23 11:10:54
4.116,3.46,3.788,3.922,2014-02-23 11:10:55
4.116,3.46,3.788,3.922,2014-02-23 11:11:06
4.116,3.46,3.788,3.921,2014-02-23 11:11:10
4.116,3.46,3.788,3.921,2014-02-23 11:11:18
4.116,3.46,3.788,3.921,2014-02-23 11:11:21
4.116,3.46,3.788,3.921,2014-02-23 11:11:28
4.116,3.46,3.788,3.921,2014-02-23 11:11:31
4.116,3.46,3.788,3.921,2014-02-23 11:11:43
4.116,3.46,3.788,3.921,2014-02-23 11:11:44
4.116,3.46,3.788,3.921,2014-02-23 11:11:53
4.116,3.46,3.788,3.921,2014-02-23 11:11:58
4.116,3.46,3.788,3.921,2014-02-23 11:12:06
4.116,3.46,3.788,3.921,2014-02-23 11:12:09
4.116,3.46,3.788,3.921,2014-02-23 11:12:17
4.116,3.46,3.788,3.921,2014-02-23 11:12:21
4.116,3.46,3.788,3.92,2014-02-23 11:12:31
4.116,3.46,3.788,3.92,2014-02-23 11:12:31
4.116,3.46,3.788,3.92,2014-02-23 11:12:42
4.116,3.46,3.788,3.92,2014-02-23 11:12:43
4.116,3.46,3.788,3.92,2014-02-23 11:12:52
4.116,3.46,3.788,3.92,2014-02-23 11:12:53
4.116,3.46,3.788,3.92,2014-02-23 11:13:05
4.116,3.46,3.788,3.92,2014-02-23 11:13:07
4.116,3.46,3.788,3.92,2014-02-23 11:13:17
4.116,3.46,3.788,3.92,2014-02-23 11:13:18
4.116,3.46,3.788,3.92,2014-02-23 11:13:32
4.116,3.46,3.788,3.92,2014-02-23 11:13:33
4.116,3.46,3.788,3.92,2014-02-23 11:13:48
4.116,3.46,3.788,3.92,2014-02-23 11:13:50
4.116,3.46,3.788,3.92,2014-02-23 11:14:00
4.116,3.46,3.788,3.92,2014-02-23 11:14:08
4.116,3.46,3.788,3.92,2014-02-23 11:14:12
4.116,3.46,3.788,3.92,2014-02-23 11:14:19
4.116,3.46,3.788,3.92,2014-02-23 11:14:27
4.116,3.46,3.788,3.92,2014-02-23 11:14:33
4.116,3.46,3.788,3.92,2014-02-23 11:14:38
4.116,3.46,3.788,3.92,2014-02-23 11:14:44
4.116,3.46,3.788,3.92,2014-02-23 11:14:49
4.116,3.46,3.788,3.92,2014-02-23 11:14:55
4.116,3.46,3.788,3.92,2014-02-23 11:15:01
4.116,3.46,3.788,3.92,2014-02-23 11:15:05
4.116,3.46,3.788,3.92,2014-02-23 11:15:13
4.116,3.46,3.788,3.92,2014-02-23 11:15:17
4.116,3.46,3.788,3.92,2014-02-23 11:15:24
4.116,3.46,3.788,3.92,2014-02-23 11:15:27
4.116,3.46,3.788,3.92,2014-02-23 11:15:35
4.116,3.46,3.788,3.92,2014-02-23 11:15:37
4.116,3.46,3.788,3.92,2014-02-23 11:15:46
4.116,3.46,3.788,3.92,2014-02-23 11:15:51
4.116,3.46,3.788,3.92,2014-02-23 11:15:57
4.116,3.46,3.788,3.92,2014-02-23 11:16:06
4.116,3.46,3.788,3.92,2014-02-23 11:16:07
4.116,3.46,3.788,3.92,2014-02-23 11:16:17
4.116,3.46,3.788,3.92,2014-02-23 11:16:17
4.116,3.46,3.788,3.92,2014-02-23 11:16:27
4.116,3.46,3.788,3.92,2014-02-23 11:16:30
4.116,3.46,3.788,3.92,2014-02-23 11:16:40
4.116,3.46,3.788,3.92,2014-02-23 11:16:42
4.116,3.46,3.788,3.92,2014-02-23 11:16:51
4.116,3.46,3.788,3.92,2014-02-23 11:16:52
4.116,3.46,3.788,3.92,2014-02-23 11:17:01
4.116,3.46,3.788,3.92,2014-02-23 11:17:07
4.116,3.46,3.788,3.92,2014-02-23 11:17:12
4.116,3.46,3.788,3.92,2014-02-23 11:17:17
4.116,3.46,3.788,3.92,2014-02-23 11:17:31
4.116,3.46,3.788,3.92,2014-02-23 11:17:33
4.116,3.46,3.788,3.92,2014-02-23 11:17:43
4.116,3.46,3.788,3.92,2014-02-23 11:17:47
4.116,3.46,3.788,3.92,2014-02-23 11:17:56
4.116,3.46,3.788,3.92,2014-02-23 11:18:01
4.116,3.46,3.788,3.92,2014-02-23 11:18:10
4.116,3.46,3.788,3.92,2014-02-23 11:18:15
4.116,3.46,3.788,3.92,2014-02-23 11:18:22
4.116,3.46,3.788,3.92,2014-02-23 11:18:29
4.116,3.46,3.788,3.92,2014-02-23 11:18:33
4.116,3.46,3.788,3.92,2014-02-23 11:18:44
4.116,3.46,3.788,3.92,2014-02-23 11:18:51
4.116,3.46,3.788,3.92,2014-02-23 11:18:57
4.116,3.46,3.788,3.92,2014-02-23 11:19:07
4.116,3.46,3.788,3.92,2014-02-23 11:19:12
4.116,3.46,3.788,3.92,2014-02-23 11:19:19
4.116,3.46,3.788,3.92,2014-02-23 11:19:23
4.116,3.46,3.788,3.92,2014-02-23 11:19:32
4.116,3.46,3.788,3.92,2014-02-23 11:19:33
4.116,3.46,3.788,3.92,2014-02-23 11:19:43
4.116,3.46,3.788,3.92,2014-02-23 11:19:45
4.116,3.46,3.788,3.92,2014-02-23 11:19:54
4.116,3.46,3.788,3.92,2014-02-23 11:19:55
4.116,3.46,3.788,3.92,2014-02-23 11:20:05
4.116,3.46,3.788,3.92,2014-02-23 11:20:06
4.116,3.46,3.788,3.92,2014-02-23 11:20:15
4.116,3.46,3.788,3.92,2014-02-23 11:20:17
4.116,3.46,3.788,3.92,2014-02-23 11:20:27
4.116,3.46,3.788,3.92,2014-02-23 11:20:27
4.116,3.46,3.788,3.92,2014-02-23 11:20:56
4.116,3.46,3.788,3.92,2014-02-23 11:20:58
4.116,3.46,3.788,3.92,2014-02-23 11:21:07
4.116,3.46,3.788,3.92,2014-02-23 11:21:10
4.116,3.46,3.788,3.92,2014-02-23 11:21:17
4.116,3.46,3.788,3.92,2014-02-23 11:21:22
4.116,3.46,3.788,3.92,2014-02-23 11:21:27
4.116,3.46,3.788,3.92,2014-02-23 11:21:35
4.116,3.46,3.788,3.92,2014-02-23 11:21:38
4.116,3.46,3.788,3.92,2014-02-23 11:21:46
4.116,3.46,3.788,3.92,2014-02-23 11:21:49
4.116,3.46,3.788,3.92,2014-02-23 11:21:58
4.116,3.46,3.788,3.92,2014-02-23 11:22:01
4.116,3.46,3.788,3.92,2014-02-23 11:22:25
4.116,3.46,3.788,3.92,2014-02-23 11:22:27
4.116,3.46,3.788,3.92,2014-02-23 11:22:38
4.116,3.46,3.788,3.92,2014-02-23 11:22:39
4.116,3.46,3.788,3.94,2014-02-23 11:22:48
4.116,3.46,3.788,3.94,2014-02-23 11:22:49
4.116,3.46,3.788,3.92,2014-02-23 11:23:01
4.116,3.46,3.788,3.94,2014-02-23 11:23:06
4.116,3.46,3.788,3.94,2014-02-23 11:23:18
4.116,3.46,3.788,3.94,2014-02-23 11:23:18
4.116,3.46,3.788,3.94,2014-02-23 11:23:29
4.116,3.46,3.788,3.94,2014-02-23 11:23:29
4.116,3.46,3.788,3.94,2014-02-23 11:23:39
4.116,3.46,3.788,3.94,2014-02-23 11:23:39
4.116,3.46,3.788,3.94,2014-02-23 11:23:50
4.116,3.46,3.788,3.94,2014-02-23 11:23:51
4.116,3.46,3.788,3.92,2014-02-23 11:24:00
4.116,3.46,3.788,3.92,2014-02-23 11:24:04
4.116,3.46,3.788,3.92,2014-02-23 11:24:10
4.116,3.46,3.788,3.92,2014-02-23 11:24:14
4.116,3.46,3.788,3.92,2014-02-23 11:24:23
4.116,3.46,3.788,3.92,2014-02-23 11:24:26
4.116,3.46,3.788,3.92,2014-02-23 11:24:33
4.116,3.46,3.788,3.92,2014-02-23 11:24:38
4.116,3.46,3.788,3.92,2014-02-23 11:24:43
4.116,3.46,3.788,3.92,2014-02-23 11:24:49
4.116,3.46,3.788,3.92,2014-02-23 11:24:54
4.116,3.46,3.788,3.92,2014-02-23 11:24:59
4.116,3.46,3.788,3.92,2014-02-23 11:25:04
4.116,3.46,3.788,3.92,2014-02-23 11:25:11
4.116,3.46,3.788,3.92,2014-02-23 11:25:18
4.116,3.46,3.788,3.92,2014-02-23 11:25:21
4.116,3.46,3.788,3.92,2014-02-23 11:25:29
4.116,3.46,3.788,3.92,2014-02-23 11:25:52
4.116,3.46,3.788,3.92,2014-02-23 11:25:55
4.116,3.46,3.788,3.92,2014-02-23 11:26:04
4.116,3.46,3.788,3.92,2014-02-23 11:26:06
4.116,3.46,3.788,3.92,2014-02-23 11:26:14
4.116,3.46,3.788,3.92,2014-02-23 11:26:17
4.116,3.46,3.788,3.974,2014-02-23 11:26:27
4.116,3.46,3.788,3.974,2014-02-23 11:26:28
4.116,3.46,3.788,3.974,2014-02-23 11:26:37
4.116,3.46,3.788,3.974,2014-02-23 11:26:39
4.116,3.46,3.788,3.934,2014-02-23 11:26:50
4.116,3.46,3.788,3.934,2014-02-23 11:26:51
4.116,3.46,3.788,3.977,2014-02-23 11:27:01
4.116,3.46,3.788,3.977,2014-02-23 11:27:02
4.116,3.46,3.788,3.977,2014-02-23 11:27:12
4.116,3.46,3.788,3.977,2014-02-23 11:27:12
4.116,3.46,3.788,3.977,2014-02-23 11:27:22
4.116,3.46,3.788,3.977,2014-02-23 11:27:30
4.116,3.46,3.788,3.977,2014-02-23 11:27:34
4.116,3.46,3.788,3.987,2014-02-23 11:27:42
4.116,3.46,3.788,3.987,2014-02-23 11:27:44
4.116,3.46,3.788,3.987,2014-02-23 11:27:52
4.116,3.46,3.788,3.987,2014-02-23 11:27:54
4.116,3.46,3.788,3.987,2014-02-23 11:28:04
4.116,3.46,3.788,3.987,2014-02-23 11:28:05
4.116,3.46,3.788,3.987,2014-02-23 11:28:15
4.116,3.46,3.788,3.987,2014-02-23 11:28:19
4.116,3.46,3.788,3.987,2014-02-23 11:28:29
4.116,3.46,3.788,3.987,2014-02-23 11:28:31
4.116,3.46,3.788,3.987,2014-02-23 11:28:39
4.116,3.46,3.788,3.987,2014-02-23 11:28:42
4.116,3.46,3.788,3.987,2014-02-23 11:28:49
4.116,3.46,3.788,3.987,2014-02-23 11:28:56
4.116,3.46,3.788,3.987,2014-02-23 11:29:05
4.116,3.46,3.788,3.987,2014-02-23 11:29:08
4.116,3.46,3.788,3.987,2014-02-23 11:29:17
4.116,3.46,3.788,3.987,2014-02-23 11:29:19
4.116,3.46,3.788,3.987,2014-02-23 11:29:28
4.116,3.46,3.788,3.987,2014-02-23 11:29:29
4.116,3.46,3.788,3.987,2014-02-23 11:29:38
4.116,3.46,3.788,3.985,2014-02-23 11:29:43
4.116,3.46,3.788,3.985,2014-02-23 11:29:49
4.116,3.46,3.788,3.985,2014-02-23 11:29:53
4.116,3.46,3.788,3.985,2014-02-23 11:30:04
4.116,3.46,3.788,3.985,2014-02-23 11:30:04
4.116,3.46,3.788,3.985,2014-02-23 11:30:15
4.116,3.46,3.788,3.985,2014-02-23 11:30:17
4.116,3.46,3.788,3.985,2014-02-23 11:30:27
4.116,3.46,3.788,3.985,2014-02-23 11:30:29
4.116,3.46,3.788,3.985,2014-02-23 11:30:39
4.116,3.46,3.788,3.985,2014-02-23 11:30:39
4.116,3.46,3.788,3.985,2014-02-23 11:30:49
4.116,3.46,3.788,3.985,2014-02-23 11:30:52
4.116,3.46,3.788,3.985,2014-02-23 11:31:00
4.116,3.46,3.788,3.985,2014-02-23 11:31:04
4.116,3.46,3.788,3.985,2014-02-23 11:31:10
4.116,3.46,3.788,3.985,2014-02-23 11:31:14
4.116,3.46,3.788,3.985,2014-02-23 11:31:23
4.116,3.46,3.788,3.985,2014-02-23 11:31:24
4.116,3.46,3.788,3.985,2014-02-23 11:31:33
4.116,3.46,3.788,3.924,2014-02-23 11:31:39
4.116,3.46,3.788,3.924,2014-02-23 11:31:43
4.116,3.46,3.788,3.924,2014-02-23 11:31:49
4.116,3.46,3.788,3.924,2014-02-23 11:31:55
4.116,3.46,3.788,3.924,2014-02-23 11:31:59
4.116,3.46,3.788,3.924,2014-02-23 11:32:06
4.116,3.46,3.788,3.924,2014-02-23 11:32:10
4.116,3.46,3.788,3.924,2014-02-23 11:32:17
4.116,3.46,3.788,3.924,2014-02-23 11:32:20
4.116,3.46,3.788,3.924,2014-02-23 11:32:27
4.116,3.46,3.788,3.924,2014-02-23 11:32:30
4.116,3.46,3.788,3.924,2014-02-23 11:32:39
4.116,3.46,3.788,3.924,2014-02-23 11:32:42
4.116,3.46,3.788,3.924,2014-02-23 11:32:49
4.116,3.46,3.788,3.924,2014-02-23 11:32:52
4.116,3.46,3.788,3.924,2014-02-23 11:33:01
4.116,3.46,3.788,3.924,2014-02-23 11:33:02
4.116,3.46,3.788,3.924,2014-02-23 11:33:11
4.116,3.46,3.788,3.924,2014-02-23 11:33:13
4.116,3.46,3.788,3.924,2014-02-23 11:33:22
4.116,3.46,3.788,3.924,2014-02-23 11:33:31
4.116,3.46,3.788,3.924,2014-02-23 11:33:41
4.116,3.46,3.788,3.924,2014-02-23 11:33:44
4.116,3.46,3.788,3.924,2014-02-23 11:33:51
4.116,3.46,3.788,3.924,2014-02-23 11:34:00
4.116,3.46,3.788,3.924,2014-02-23 11:34:01
4.116,3.46,3.788,3.924,2014-02-23 11:34:10
4.116,3.46,3.788,3.924,2014-02-23 11:34:12
4.116,3.46,3.788,3.924,2014-02-23 11:34:21
4.116,3.46,3.788,3.924,2014-02-23 11:34:22
4.116,3.46,3.788,3.924,2014-02-23 11:34:31
4.116,3.46,3.788,3.924,2014-02-23 11:34:32
4.116,3.46,3.788,3.924,2014-02-23 11:34:43
4.116,3.46,3.788,3.924,2014-02-23 11:34:44
4.116,3.46,3.788,3.924,2014-02-23 11:34:54
4.116,3.46,3.788,3.924,2014-02-23 11:34:54
4.116,3.46,3.788,3.924,2014-02-23 11:35:05
4.116,3.46,3.788,3.924,2014-02-23 11:35:06
4.116,3.46,3.788,3.924,2014-02-23 11:35:15
4.116,3.46,3.788,3.924,2014-02-23 11:35:18
4.116,3.46,3.788,3.924,2014-02-23 11:35:26
4.116,3.46,3.788,3.924,2014-02-23 11:35:28
4.116,3.46,3.788,3.924,2014-02-23 11:35:37
4.116,3.46,3.788,3.924,2014-02-23 11:35:38
4.116,3.46,3.788,3.924,2014-02-23 11:35:48
4.116,3.46,3.788,3.924,2014-02-23 11:35:48
4.116,3.46,3.788,3.924,2014-02-23 11:35:59
4.116,3.46,3.788,3.924,2014-02-23 11:35:59
4.116,3.46,3.788,3.924,2014-02-23 11:36:10
4.116,3.46,3.788,3.924,2014-02-23 11:36:11
4.116,3.46,3.788,3.924,2014-02-23 11:36:23
4.116,3.46,3.788,3.924,2014-02-23 11:36:27
4.116,3.46,3.788,3.924,2014-02-23 11:36:35
4.116,3.46,3.788,3.924,2014-02-23 11:36:37
4.116,3.46,3.788,3.924,2014-02-23 11:36:48
4.116,3.46,3.788,3.924,2014-02-23 11:36:48
4.116,3.46,3.788,3.924,2014-02-23 11:36:59
4.116,3.46,3.788,3.924,2014-02-23 11:36:59
4.116,3.46,3.788,3.924,2014-02-23 11:37:09
4.116,3.46,3.788,3.924,2014-02-23 11:37:10
4.116,3.46,3.788,3.924,2014-02-23 11:37:21
4.116,3.46,3.788,3.924,2014-02-23 11:37:24
4.116,3.46,3.788,3.924,2014-02-23 11:37:34
4.116,3.46,3.788,3.924,2014-02-23 11:37:34
4.116,3.46,3.788,3.924,2014-02-23 11:37:45
4.116,3.46,3.788,3.924,2014-02-23 11:37:45
4.116,3.46,3.788,3.924,2014-02-23 11:37:59
4.116,3.46,3.788,3.924,2014-02-23 11:38:12
4.116,3.46,3.788,3.924,2014-02-23 11:38:27
4.116,3.46,3.788,3.924,2014-02-23 11:39:08
4.116,3.46,3.788,3.924,2014-02-23 11:39:23
4.116,3.46,3.788,3.924,2014-02-23 11:39:35
4.116,3.46,3.788,3.924,2014-02-23 11:39:46
4.116,3.46,3.788,3.924,2014-02-23 11:39:59
4.116,3.46,3.788,3.924,2014-02-23 11:40:10
4.116,3.46,3.788,3.924,2014-02-23 11:40:23
4.116,3.46,3.788,3.924,2014-02-23 11:40:35
4.116,3.46,3.788,3.924,2014-02-23 11:40:45
4.116,3.46,3.788,3.924,2014-02-23 11:41:06
4.116,3.46,3.788,3.924,2014-02-23 11:41:19
4.116,3.46,3.788,3.924,2014-02-23 11:41:30
4.116,3.46,3.788,3.924,2014-02-23 11:41:41
4.116,3.46,3.788,3.924,2014-02-23 11:41:51
4.116,3.46,3.788,3.924,2014-02-23 11:42:01
4.116,3.46,3.788,3.924,2014-02-23 11:42:12
4.116,3.46,3.788,3.924,2014-02-23 11:42:22
4.116,3.46,3.788,3.924,2014-02-23 11:42:33
4.116,3.46,3.788,3.924,2014-02-23 11:42:43
4.116,3.46,3.788,3.924,2014-02-23 11:42:54
4.116,3.46,3.788,3.924,2014-02-23 11:43:05
4.116,3.46,3.788,3.924,2014-02-23 11:43:16
4.116,3.46,3.788,3.924,2014-02-23 11:43:28
4.116,3.46,3.788,3.924,2014-02-23 11:43:40
4.116,3.46,3.788,3.924,2014-02-23 11:43:50
4.116,3.46,3.788,3.924,2014-02-23 11:44:02
4.116,3.46,3.788,3.924,2014-02-23 11:44:12
4.116,3.46,3.788,3.924,2014-02-23 11:44:23
4.116,3.46,3.788,3.924,2014-02-23 11:44:33
4.116,3.46,3.788,3.924,2014-02-23 11:44:44
4.116,3.46,3.788,3.924,2014-02-23 11:44:54
4.116,3.46,3.788,3.924,2014-02-23 11:45:07
4.116,3.46,3.788,3.924,2014-02-23 11:45:19
4.116,3.46,3.788,3.924,2014-02-23 11:45:30
4.116,3.46,3.788,3.924,2014-02-23 11:45:40
4.116,3.46,3.788,3.924,2014-02-23 11:45:52
4.116,3.46,3.788,3.924,2014-02-23 11:46:04
4.116,3.46,3.788,3.924,2014-02-23 11:46:16
4.116,3.46,3.788,3.924,2014-02-23 11:46:30
4.116,3.46,3.788,3.924,2014-02-23 11:46:44
4.116,3.46,3.788,3.924,2014-02-23 11:47:01
4.116,3.46,3.788,3.924,2014-02-23 11:47:19
4.116,3.46,3.788,3.924,2014-02-23 11:47:31
4.116,3.46,3.788,3.924,2014-02-23 11:47:54
4.116,3.46,3.788,3.924,2014-02-23 11:48:49
4.116,3.46,3.788,3.924,2014-02-23 11:49:04
4.116,3.46,3.788,3.924,2014-02-23 11:49:18
4.116,3.46,3.788,3.924,2014-02-23 11:49:32
4.116,3.46,3.788,3.924,2014-02-23 11:49:44
4.116,3.46,3.788,3.924,2014-02-23 11:50:00
4.116,3.46,3.788,3.924,2014-02-23 11:50:17
4.116,3.46,3.788,3.941,2014-02-23 11:50:29
4.116,3.46,3.788,3.941,2014-02-23 11:50:40
4.116,3.46,3.788,3.941,2014-02-23 11:50:52
4.116,3.46,3.788,3.941,2014-02-23 11:51:08
4.116,3.46,3.788,3.941,2014-02-23 11:51:20
4.116,3.46,3.788,3.941,2014-02-23 11:51:33
4.116,3.46,3.788,3.941,2014-02-23 11:51:45
4.116,3.46,3.788,3.94,2014-02-23 11:51:58
4.116,3.46,3.788,3.94,2014-02-23 11:52:12
4.116,3.46,3.788,3.94,2014-02-23 11:52:22
4.116,3.46,3.788,3.94,2014-02-23 11:52:33
4.116,3.46,3.788,3.94,2014-02-23 11:52:44
4.116,3.46,3.788,3.94,2014-02-23 11:52:55
4.116,3.46,3.788,3.94,2014-02-23 11:53:06
4.116,3.46,3.788,3.94,2014-02-23 11:53:17
4.116,3.46,3.788,3.94,2014-02-23 11:53:35
4.116,3.46,3.788,3.94,2014-02-23 11:53:45
4.116,3.46,3.788,3.94,2014-02-23 11:53:55
4.116,3.46,3.788,3.94,2014-02-23 11:54:07
4.116,3.46,3.788,3.94,2014-02-23 11:54:17
4.116,3.46,3.788,3.94,2014-02-23 11:54:28
4.116,3.46,3.788,3.94,2014-02-23 11:54:40
4.116,3.46,3.788,3.979,2014-02-23 11:54:52
4.116,3.46,3.788,3.98,2014-02-23 11:55:04
4.116,3.46,3.788,3.98,2014-02-23 11:55:16
4.116,3.46,3.788,3.992,2014-02-23 11:55:27
4.116,3.46,3.788,3.992,2014-02-23 11:55:38
4.116,3.46,3.788,3.999,2014-02-23 11:55:48
4.116,3.46,3.788,3.999,2014-02-23 11:56:02
4.116,3.46,3.788,3.999,2014-02-23 11:56:14
4.116,3.46,3.788,3.999,2014-02-23 11:56:27
4.116,3.46,3.788,3.999,2014-02-23 11:56:37
4.116,3.46,3.788,3.999,2014-02-23 11:56:48
4.116,3.46,3.788,3.999,2014-02-23 11:57:14
4.116,3.46,3.788,3.999,2014-02-23 11:57:24
4.116,3.46,3.788,3.999,2014-02-23 11:57:36
4.116,3.46,3.788,3.999,2014-02-23 11:57:47
4.116,3.46,3.788,3.999,2014-02-23 11:57:58
4.116,3.46,3.788,3.999,2014-02-23 11:58:11
4.116,3.46,3.788,3.999,2014-02-23 11:58:22
4.116,3.46,3.788,3.999,2014-02-23 11:58:32
4.116,3.46,3.788,3.999,2014-02-23 11:58:43
4.116,3.46,3.788,3.999,2014-02-23 11:58:53
4.116,3.46,3.788,3.999,2014-02-23 11:59:05
4.116,3.46,3.788,3.999,2014-02-23 11:59:16
4.116,3.46,3.788,3.999,2014-02-23 11:59:28
4.116,3.46,3.788,3.999,2014-02-23 11:59:38
4.116,3.46,3.788,3.999,2014-02-23 11:59:51
4.116,3.46,3.788,3.999,2014-02-23 12:00:04
4.116,3.46,3.788,3.999,2014-02-23 12:00:14
4.116,3.46,3.788,3.999,2014-02-23 12:00:25
4.116,3.46,3.788,3.998,2014-02-23 12:00:36
4.116,3.46,3.788,3.998,2014-02-23 12:00:52
4.116,3.46,3.788,3.998,2014-02-23 12:01:01
4.116,3.46,3.788,3.944,2014-02-23 12:01:12
4.116,3.46,3.788,3.944,2014-02-23 12:01:22
4.116,3.46,3.788,3.944,2014-02-23 12:01:33
4.116,3.46,3.788,3.944,2014-02-23 12:01:43
4.116,3.46,3.788,3.944,2014-02-23 12:02:00
4.116,3.46,3.788,3.944,2014-02-23 12:02:11
4.116,3.46,3.788,3.944,2014-02-23 12:02:23
4.116,3.46,3.788,3.944,2014-02-23 12:02:33
4.116,3.46,3.788,3.944,2014-02-23 12:02:45
4.116,3.46,3.788,3.944,2014-02-23 12:02:57
4.116,3.46,3.788,3.944,2014-02-23 12:03:07
4.116,3.46,3.788,3.944,2014-02-23 12:03:18
4.116,3.46,3.788,3.944,2014-02-23 12:03:32
4.116,3.46,3.788,3.944,2014-02-23 12:03:45
4.116,3.46,3.788,3.944,2014-02-23 12:03:56
4.116,3.46,3.788,3.945,2014-02-23 12:04:07
4.116,3.46,3.788,3.945,2014-02-23 12:04:19
4.116,3.46,3.788,3.945,2014-02-23 12:04:30
4.116,3.46,3.788,3.945,2014-02-23 12:04:40
4.116,3.46,3.788,3.945,2014-02-23 12:04:51
4.116,3.46,3.788,3.94,2014-02-23 12:05:03
4.116,3.46,3.788,3.94,2014-02-23 12:05:13
4.116,3.46,3.788,3.94,2014-02-23 12:05:24
4.116,3.46,3.788,3.94,2014-02-23 12:05:38
4.116,3.46,3.788,3.94,2014-02-23 12:05:49
4.116,3.46,3.788,3.94,2014-02-23 12:05:59
4.116,3.46,3.788,3.94,2014-02-23 12:06:12
4.116,3.46,3.788,3.94,2014-02-23 12:06:22
4.116,3.46,3.788,3.94,2014-02-23 12:06:34
4.116,3.46,3.788,3.94,2014-02-23 12:06:45
4.116,3.46,3.788,3.94,2014-02-23 12:06:55
4.116,3.46,3.788,3.94,2014-02-23 12:07:07
4.116,3.46,3.788,3.94,2014-02-23 12:07:17
4.116,3.46,3.788,3.94,2014-02-23 12:07:28
4.116,3.46,3.788,3.94,2014-02-23 12:07:38
4.116,3.46,3.788,3.94,2014-02-23 12:07:48
4.116,3.46,3.788,3.94,2014-02-23 12:08:00
4.116,3.461,3.7885,3.98,2014-02-23 12:08:12
4.116,3.461,3.7885,3.98,2014-02-23 12:08:24
4.116,3.461,3.7885,3.98,2014-02-23 12:08:34
4.116,3.461,3.7885,3.98,2014-02-23 12:08:46
4.116,3.461,3.7885,3.98,2014-02-23 12:08:58
4.116,3.461,3.7885,3.98,2014-02-23 12:09:08
4.116,3.461,3.7885,3.98,2014-02-23 12:09:18
4.116,3.461,3.7885,3.98,2014-02-23 12:09:29
4.116,3.461,3.7885,3.98,2014-02-23 12:09:42
4.116,3.461,3.7885,3.98,2014-02-23 12:09:55
4.116,3.461,3.7885,3.98,2014-02-23 12:10:05
4.116,3.461,3.7885,3.98,2014-02-23 12:10:16
4.116,3.461,3.7885,3.98,2014-02-23 12:10:27
4.116,3.461,3.7885,3.98,2014-02-23 12:10:37
4.116,3.461,3.7885,3.98,2014-02-23 12:10:47
4.116,3.461,3.7885,3.98,2014-02-23 12:10:59
4.116,3.461,3.7885,3.98,2014-02-23 12:11:09
4.116,3.461,3.7885,3.98,2014-02-23 12:11:19
4.116,3.461,3.7885,3.98,2014-02-23 12:11:32
4.116,3.461,3.7885,3.98,2014-02-23 12:11:42
4.116,3.461,3.7885,3.98,2014-02-23 12:11:53
4.116,3.461,3.7885,3.98,2014-02-23 12:12:06
4.116,3.461,3.7885,3.98,2014-02-23 12:12:19
4.116,3.461,3.7885,3.98,2014-02-23 12:12:30
4.116,3.461,3.7885,3.98,2014-02-23 12:12:40
4.116,3.461,3.7885,3.98,2014-02-23 12:12:50
4.116,3.461,3.7885,3.98,2014-02-23 12:13:01
4.116,3.461,3.7885,3.98,2014-02-23 12:13:13
4.116,3.461,3.7885,3.98,2014-02-23 12:13:24
4.116,3.461,3.7885,3.98,2014-02-23 12:13:34
4.116,3.461,3.7885,3.98,2014-02-23 12:13:47
4.116,3.461,3.7885,3.98,2014-02-23 12:13:59
4.116,3.461,3.7885,3.98,2014-02-23 12:14:09
4.116,3.461,3.7885,3.98,2014-02-23 12:14:19
4.116,3.461,3.7885,3.98,2014-02-23 12:14:32
4.116,3.461,3.7885,3.98,2014-02-23 12:14:46
4.116,3.461,3.7885,3.98,2014-02-23 12:14:56
4.116,3.461,3.7885,3.98,2014-02-23 12:15:10
4.116,3.461,3.7885,3.98,2014-02-23 12:15:22
4.116,3.461,3.7885,3.98,2014-02-23 12:15:35
4.116,3.461,3.7885,3.98,2014-02-23 12:15:48
4.116,3.461,3.7885,3.98,2014-02-23 12:15:59
4.116,3.461,3.7885,3.98,2014-02-23 12:18:06
4.116,3.461,3.7885,3.98,2014-02-23 12:18:09
4.116,3.461,3.7885,3.98,2014-02-23 12:18:17
4.116,3.461,3.7885,3.98,2014-02-23 12:18:20
4.116,3.461,3.7885,3.98,2014-02-23 12:18:27
4.116,3.461,3.7885,3.98,2014-02-23 12:18:31
4.116,3.461,3.7885,3.98,2014-02-23 12:18:40
4.116,3.461,3.7885,3.98,2014-02-23 12:18:41
4.116,3.461,3.7885,3.979,2014-02-23 12:18:50
4.116,3.461,3.7885,3.979,2014-02-23 12:18:51
4.116,3.461,3.7885,3.979,2014-02-23 12:19:00
4.116,3.461,3.7885,3.979,2014-02-23 12:19:02
4.116,3.461,3.7885,3.979,2014-02-23 12:19:11
4.116,3.461,3.7885,3.979,2014-02-23 12:19:13
4.116,3.461,3.7885,3.979,2014-02-23 12:19:22
4.116,3.461,3.7885,3.979,2014-02-23 12:19:25
4.116,3.461,3.7885,3.979,2014-02-23 12:19:33
4.116,3.461,3.7885,3.941,2014-02-23 12:19:37
4.116,3.461,3.7885,3.941,2014-02-23 12:19:43
4.116,3.461,3.7885,3.941,2014-02-23 12:19:49
4.116,3.461,3.7885,3.941,2014-02-23 12:19:54
4.116,3.461,3.7885,3.941,2014-02-23 12:20:00
4.116,3.461,3.7885,3.941,2014-02-23 12:20:04
4.116,3.461,3.7885,3.941,2014-02-23 12:20:10
4.116,3.461,3.7885,3.941,2014-02-23 12:20:16
4.116,3.461,3.7885,3.941,2014-02-23 12:20:23
4.116,3.461,3.7885,3.941,2014-02-23 12:20:28
4.116,3.461,3.7885,3.941,2014-02-23 12:20:33
4.116,3.461,3.7885,3.941,2014-02-23 12:20:39
4.116,3.461,3.7885,3.941,2014-02-23 12:20:44
4.116,3.461,3.7885,3.941,2014-02-23 12:20:51
4.116,3.461,3.7885,3.941,2014-02-23 12:20:55
4.116,3.461,3.7885,3.94,2014-02-23 12:21:03
4.116,3.461,3.7885,3.94,2014-02-23 12:21:06
4.116,3.461,3.7885,3.94,2014-02-23 12:21:13
4.116,3.461,3.7885,3.94,2014-02-23 12:21:16
4.116,3.461,3.7885,3.94,2014-02-23 12:21:23
4.116,3.461,3.7885,3.94,2014-02-23 12:21:30
4.116,3.461,3.7885,3.94,2014-02-23 12:21:36
4.116,3.461,3.7885,3.94,2014-02-23 12:21:40
4.116,3.461,3.7885,3.94,2014-02-23 12:21:46
4.116,3.461,3.7885,3.94,2014-02-23 12:21:50
4.116,3.461,3.7885,3.94,2014-02-23 12:21:59
4.116,3.461,3.7885,3.94,2014-02-23 12:22:02
4.116,3.461,3.7885,3.94,2014-02-23 12:22:11
4.116,3.461,3.7885,3.94,2014-02-23 12:22:13
4.116,3.461,3.7885,3.94,2014-02-23 12:22:25
4.116,3.461,3.7885,3.94,2014-02-23 12:22:26
4.116,3.461,3.7885,3.94,2014-02-23 12:22:34
4.116,3.461,3.7885,3.941,2014-02-23 12:22:44
4.116,3.461,3.7885,3.941,2014-02-23 12:22:45
4.116,3.461,3.7885,3.941,2014-02-23 12:22:54
4.116,3.461,3.7885,3.941,2014-02-23 12:22:55
4.116,3.461,3.7885,3.941,2014-02-23 12:23:05
4.116,3.461,3.7885,3.941,2014-02-23 12:23:08
4.116,3.461,3.7885,3.941,2014-02-23 12:23:18
4.116,3.461,3.7885,3.941,2014-02-23 12:23:18
4.116,3.461,3.7885,3.941,2014-02-23 12:23:29
4.116,3.461,3.7885,3.941,2014-02-23 12:23:31
4.116,3.461,3.7885,3.941,2014-02-23 12:23:40
4.116,3.461,3.7885,3.941,2014-02-23 12:23:43
4.116,3.461,3.7885,3.941,2014-02-23 12:23:55
4.116,3.461,3.7885,3.941,2014-02-23 12:23:57
4.116,3.461,3.7885,3.941,2014-02-23 12:24:05
4.116,3.461,3.7885,3.941,2014-02-23 12:24:10
4.116,3.461,3.7885,3.941,2014-02-23 12:24:15
4.116,3.461,3.7885,3.941,2014-02-23 12:24:21
4.116,3.461,3.7885,3.941,2014-02-23 12:24:26
4.116,3.461,3.7885,3.941,2014-02-23 12:24:31
4.116,3.461,3.7885,3.941,2014-02-23 12:24:36
4.116,3.461,3.7885,3.941,2014-02-23 12:24:42
4.116,3.461,3.7885,3.941,2014-02-23 12:24:46
4.116,3.461,3.7885,3.941,2014-02-23 12:24:52
4.116,3.461,3.7885,3.941,2014-02-23 12:24:56
4.116,3.461,3.7885,3.941,2014-02-23 12:25:04
4.116,3.461,3.7885,3.941,2014-02-23 12:25:12
4.116,3.461,3.7885,3.941,2014-02-23 12:25:15
4.116,3.461,3.7885,3.941,2014-02-23 12:25:23
4.116,3.461,3.7885,3.941,2014-02-23 12:25:26
4.116,3.461,3.7885,3.941,2014-02-23 12:25:36
4.116,3.461,3.7885,3.941,2014-02-23 12:25:36
4.116,3.466,3.791,3.945,2014-02-23 12:44:45
4.116,3.466,3.791,3.945,2014-02-23 12:44:46
4.116,3.466,3.791,3.945,2014-02-23 12:44:56
4.116,3.466,3.791,3.944,2014-02-23 12:45:07
4.116,3.466,3.791,3.944,2014-02-23 12:45:15
4.116,3.466,3.791,3.944,2014-02-23 12:45:17
4.116,3.466,3.791,3.944,2014-02-23 12:45:26
4.116,3.466,3.791,3.944,2014-02-23 12:45:30
4.116,3.466,3.791,3.944,2014-02-23 12:45:36
4.116,3.466,3.791,3.944,2014-02-23 12:45:40
4.116,3.466,3.791,3.944,2014-02-23 12:45:48
4.116,3.466,3.791,3.944,2014-02-23 12:45:50
4.116,3.466,3.791,3.944,2014-02-23 12:46:01
4.116,3.466,3.791,3.944,2014-02-23 12:46:06
4.116,3.466,3.791,3.944,2014-02-23 12:46:11
4.116,3.466,3.791,3.944,2014-02-23 12:48:12
4.116,3.466,3.791,3.944,2014-02-23 12:48:14
4.116,3.466,3.791,3.944,2014-02-23 12:48:24
4.116,3.466,3.791,3.944,2014-02-23 12:48:24
4.116,3.466,3.791,3.944,2014-02-23 12:48:34
4.116,3.466,3.791,3.944,2014-02-23 12:48:35
4.116,3.466,3.791,3.944,2014-02-23 12:48:45
4.116,3.466,3.791,3.944,2014-02-23 12:48:46
4.116,3.466,3.791,3.944,2014-02-23 12:48:57
4.116,3.466,3.791,3.944,2014-02-23 12:48:58
4.116,3.466,3.791,3.944,2014-02-23 12:49:08
4.116,3.466,3.791,3.944,2014-02-23 12:49:12
4.116,3.466,3.791,3.944,2014-02-23 12:49:19
4.116,3.466,3.791,3.944,2014-02-23 12:49:23
4.116,3.466,3.791,3.944,2014-02-23 12:49:30
4.116,3.466,3.791,3.944,2014-02-23 12:49:35
4.116,3.466,3.791,3.944,2014-02-23 12:49:40
4.116,3.466,3.791,3.944,2014-02-23 12:49:46
4.116,3.466,3.791,3.944,2014-02-23 12:49:50
4.116,3.466,3.791,3.944,2014-02-23 12:49:57
4.116,3.466,3.791,3.944,2014-02-23 12:50:08
4.116,3.466,3.791,3.944,2014-02-23 12:50:13
4.116,3.466,3.791,3.944,2014-02-23 12:50:19
4.116,3.466,3.791,3.944,2014-02-23 12:50:24
4.116,3.466,3.791,3.944,2014-02-23 12:50:30
4.116,3.466,3.791,3.944,2014-02-23 12:50:34
4.116,3.466,3.791,3.944,2014-02-23 12:50:40
4.116,3.466,3.791,3.944,2014-02-23 12:50:45
4.116,3.466,3.791,3.944,2014-02-23 12:50:51
4.116,3.466,3.791,3.944,2014-02-23 12:50:56
4.116,3.466,3.791,3.944,2014-02-23 12:51:03
4.116,3.466,3.791,3.944,2014-02-23 12:51:06
4.116,3.466,3.791,3.944,2014-02-23 12:51:13
4.116,3.466,3.791,3.944,2014-02-23 12:51:17
4.116,3.466,3.791,3.944,2014-02-23 12:51:23
4.116,3.466,3.791,3.944,2014-02-23 12:51:27
4.116,3.466,3.791,3.944,2014-02-23 12:51:37
4.116,3.466,3.791,3.944,2014-02-23 12:51:51
4.116,3.466,3.791,3.944,2014-02-23 12:51:54
4.116,3.466,3.791,3.944,2014-02-23 12:52:01
4.116,3.466,3.791,3.944,2014-02-23 12:52:06
4.116,3.466,3.791,3.944,2014-02-23 12:52:11
4.116,3.466,3.791,3.944,2014-02-23 12:52:17
4.116,3.466,3.791,3.944,2014-02-23 12:52:24
4.116,3.466,3.791,3.944,2014-02-23 12:52:31
4.116,3.466,3.791,3.944,2014-02-23 12:52:36
4.116,3.466,3.791,3.944,2014-02-23 12:52:42
4.116,3.466,3.791,3.944,2014-02-23 12:52:46
4.116,3.466,3.791,3.944,2014-02-23 12:52:52
4.116,3.466,3.791,3.944,2014-02-23 12:52:59
4.116,3.466,3.791,3.944,2014-02-23 12:53:04
4.116,3.466,3.791,3.944,2014-02-23 12:53:12
4.116,3.466,3.791,3.944,2014-02-23 12:53:14
4.116,3.466,3.791,3.944,2014-02-23 12:53:25
4.116,3.466,3.791,3.944,2014-02-23 12:53:30
4.116,3.466,3.791,3.944,2014-02-23 12:53:37
4.116,3.466,3.791,3.944,2014-02-23 12:53:40
4.116,3.466,3.791,3.944,2014-02-23 12:53:47
4.116,3.466,3.791,3.944,2014-02-23 12:53:51
4.116,3.466,3.791,3.944,2014-02-23 12:53:57
4.116,3.466,3.791,3.944,2014-02-23 12:54:06
4.116,3.466,3.791,3.944,2014-02-23 12:54:08
4.116,3.466,3.791,3.944,2014-02-23 12:54:16
4.116,3.466,3.791,3.944,2014-02-23 12:54:18
4.116,3.466,3.791,3.944,2014-02-23 12:54:29
4.116,3.466,3.791,3.944,2014-02-23 12:54:30
4.116,3.466,3.791,3.944,2014-02-23 12:54:40
4.116,3.466,3.791,3.944,2014-02-23 12:54:42
4.116,3.466,3.791,3.944,2014-02-23 12:54:50
4.116,3.466,3.791,3.944,2014-02-23 12:54:52
4.116,3.466,3.791,3.944,2014-02-23 12:55:00
4.116,3.466,3.791,3.944,2014-02-23 12:55:05
4.116,3.466,3.791,3.944,2014-02-23 12:55:14
4.116,3.466,3.791,3.944,2014-02-23 12:55:15
4.116,3.466,3.791,3.944,2014-02-23 12:55:24
4.116,3.466,3.791,3.944,2014-02-23 12:55:31
4.116,3.466,3.791,3.944,2014-02-23 12:55:35
4.116,3.466,3.791,3.944,2014-02-23 12:55:42
4.116,3.466,3.791,3.944,2014-02-23 12:55:46
4.116,3.466,3.791,3.944,2014-02-23 12:55:54
4.116,3.466,3.791,3.944,2014-02-23 12:55:57
4.116,3.466,3.791,3.944,2014-02-23 12:56:06
4.116,3.466,3.791,3.944,2014-02-23 12:56:10
4.116,3.466,3.791,3.944,2014-02-23 12:56:16
4.116,3.466,3.791,3.944,2014-02-23 12:56:21
4.116,3.466,3.791,3.944,2014-02-23 12:56:28
4.116,3.466,3.791,3.944,2014-02-23 12:56:31
4.116,3.466,3.791,3.944,2014-02-23 12:56:39
4.116,3.466,3.791,3.944,2014-02-23 12:56:41
4.116,3.466,3.791,3.944,2014-02-23 12:56:52
4.116,3.466,3.791,3.944,2014-02-23 12:56:55
4.116,3.466,3.791,3.944,2014-02-23 12:57:02
4.116,3.466,3.791,3.944,2014-02-23 12:57:08
4.116,3.466,3.791,3.944,2014-02-23 12:57:14
4.116,3.466,3.791,3.944,2014-02-23 12:57:20
4.116,3.466,3.791,3.944,2014-02-23 12:57:26
4.116,3.466,3.791,3.944,2014-02-23 12:57:30
4.116,3.466,3.791,3.944,2014-02-23 12:57:36
4.116,3.466,3.791,3.944,2014-02-23 12:57:40
4.116,3.466,3.791,3.944,2014-02-23 12:57:49
4.116,3.466,3.791,3.944,2014-02-23 12:57:51
4.116,3.466,3.791,3.944,2014-02-23 12:57:59
4.116,3.466,3.791,3.944,2014-02-23 12:58:03
4.116,3.466,3.791,3.944,2014-02-23 12:58:10
4.116,3.466,3.791,3.944,2014-02-23 12:58:15
4.116,3.466,3.791,3.944,2014-02-23 12:58:21
4.116,3.466,3.791,3.944,2014-02-23 12:58:25
4.116,3.466,3.791,3.944,2014-02-23 12:58:33
4.116,3.466,3.791,3.944,2014-02-23 12:58:36
4.116,3.466,3.791,3.945,2014-02-23 12:58:47
4.116,3.466,3.791,3.945,2014-02-23 12:58:47
4.116,3.466,3.791,3.945,2014-02-23 12:58:58
4.116,3.466,3.791,3.945,2014-02-23 12:58:59
4.116,3.466,3.791,3.945,2014-02-23 12:59:10
4.116,3.466,3.791,3.945,2014-02-23 12:59:11
4.116,3.466,3.791,3.945,2014-02-23 12:59:20
4.116,3.466,3.791,3.945,2014-02-23 12:59:21
4.116,3.466,3.791,3.945,2014-02-23 12:59:31
4.116,3.466,3.791,3.945,2014-02-23 12:59:32
4.116,3.466,3.791,3.945,2014-02-23 12:59:43
4.116,3.466,3.791,3.945,2014-02-23 12:59:45
4.116,3.466,3.791,3.945,2014-02-23 12:59:58
4.116,3.466,3.791,3.945,2014-02-23 12:59:58
4.116,3.466,3.791,3.945,2014-02-23 13:00:11
4.116,3.466,3.791,3.945,2014-02-23 13:00:11
4.116,3.466,3.791,3.945,2014-02-23 13:00:22
4.116,3.466,3.791,3.945,2014-02-23 13:00:24
4.116,3.466,3.791,3.945,2014-02-23 13:00:33
4.116,3.466,3.791,3.945,2014-02-23 13:00:34
4.116,3.466,3.791,3.945,2014-02-23 13:00:45
4.116,3.466,3.791,3.945,2014-02-23 13:00:56
4.116,3.466,3.791,3.945,2014-02-23 13:01:07
4.116,3.466,3.791,3.945,2014-02-23 13:01:16
4.116,3.466,3.791,3.945,2014-02-23 13:01:17
4.116,3.466,3.791,3.945,2014-02-23 13:01:27
4.116,3.466,3.791,3.945,2014-02-23 13:01:28
4.116,3.466,3.791,3.945,2014-02-23 13:01:38
4.116,3.466,3.791,3.945,2014-02-23 13:01:38
4.116,3.466,3.791,3.945,2014-02-23 13:01:49
4.116,3.466,3.791,3.945,2014-02-23 13:01:49
4.116,3.466,3.791,3.945,2014-02-23 13:01:59
4.116,3.466,3.791,3.945,2014-02-23 13:02:02
4.116,3.466,3.791,3.945,2014-02-23 13:02:10
4.116,3.466,3.791,3.945,2014-02-23 13:02:13
4.116,3.466,3.791,3.945,2014-02-23 13:02:20
4.116,3.466,3.791,3.945,2014-02-23 13:02:26
4.116,3.466,3.791,3.945,2014-02-23 13:02:32
4.116,3.466,3.791,3.945,2014-02-23 13:02:36
4.116,3.466,3.791,3.945,2014-02-23 13:02:46
4.116,3.466,3.791,3.945,2014-02-23 13:02:46
4.116,3.466,3.791,3.945,2014-02-23 13:02:57
4.116,3.466,3.791,3.945,2014-02-23 13:02:59
4.116,3.466,3.791,3.945,2014-02-23 13:03:07
4.116,3.466,3.791,3.945,2014-02-23 13:03:09
4.116,3.466,3.791,3.945,2014-02-23 13:03:18
4.116,3.466,3.791,3.945,2014-02-23 13:03:21
4.116,3.466,3.791,3.945,2014-02-23 13:03:31
4.116,3.466,3.791,3.945,2014-02-23 13:03:33
4.116,3.466,3.791,3.945,2014-02-23 13:03:42
4.116,3.466,3.791,3.945,2014-02-23 13:03:47
4.116,3.466,3.791,3.945,2014-02-23 13:03:53
4.116,3.466,3.791,3.945,2014-02-23 13:03:58
4.116,3.466,3.791,3.945,2014-02-23 13:04:03
4.116,3.466,3.791,3.945,2014-02-23 13:04:08
4.116,3.466,3.791,3.945,2014-02-23 13:04:14
4.116,3.466,3.791,3.945,2014-02-23 13:04:21
4.116,3.466,3.791,3.945,2014-02-23 13:04:24
4.116,3.466,3.791,3.945,2014-02-23 13:04:32
4.116,3.466,3.791,3.945,2014-02-23 13:04:35
4.116,3.466,3.791,3.945,2014-02-23 13:04:43
4.116,3.466,3.791,3.945,2014-02-23 13:04:46
4.116,3.466,3.791,3.945,2014-02-23 13:04:56
4.116,3.466,3.791,3.945,2014-02-23 13:04:56
4.116,3.466,3.791,3.945,2014-02-23 13:05:08
4.116,3.466,3.791,3.945,2014-02-23 13:05:09
4.116,3.466,3.791,3.945,2014-02-23 13:05:19
4.116,3.466,3.791,3.945,2014-02-23 13:05:20
4.116,3.466,3.791,3.945,2014-02-23 13:05:30
4.116,3.466,3.791,3.945,2014-02-23 13:05:31
4.116,3.466,3.791,3.945,2014-02-23 13:05:43
4.116,3.466,3.791,3.945,2014-02-23 13:05:53
4.116,3.466,3.791,3.945,2014-02-23 13:06:05
4.116,3.466,3.791,3.945,2014-02-23 13:06:11
4.116,3.466,3.791,3.945,2014-02-23 13:06:21
4.116,3.466,3.791,3.945,2014-02-23 13:06:23
4.116,3.466,3.791,3.945,2014-02-23 13:06:31
4.116,3.466,3.791,3.945,2014-02-23 13:06:34
4.116,3.466,3.791,3.945,2014-02-23 13:06:43
4.116,3.466,3.791,3.945,2014-02-23 13:06:44
4.116,3.466,3.791,3.945,2014-02-23 13:06:56
4.116,3.466,3.791,3.945,2014-02-23 13:06:56
4.116,3.466,3.791,3.945,2014-02-23 13:07:06
4.116,3.466,3.791,3.945,2014-02-23 13:07:07
4.116,3.466,3.791,3.945,2014-02-23 13:07:17
4.116,3.466,3.791,3.945,2014-02-23 13:07:18
4.116,3.466,3.791,3.945,2014-02-23 13:07:28
4.116,3.466,3.791,3.945,2014-02-23 13:07:30
4.116,3.466,3.791,3.945,2014-02-23 13:07:40
4.116,3.466,3.791,3.945,2014-02-23 13:07:44
4.116,3.466,3.791,3.945,2014-02-23 13:07:50
4.116,3.466,3.791,3.945,2014-02-23 13:07:54
4.116,3.466,3.791,3.945,2014-02-23 13:08:05
4.116,3.466,3.791,3.945,2014-02-23 13:08:09
4.116,3.466,3.791,3.945,2014-02-23 13:08:15
4.116,3.466,3.791,3.945,2014-02-23 13:08:19
4.116,3.466,3.791,3.945,2014-02-23 13:08:26
4.116,3.466,3.791,3.945,2014-02-23 13:08:33
4.116,3.466,3.791,3.945,2014-02-23 13:08:36
4.116,3.466,3.791,3.945,2014-02-23 13:08:43
4.116,3.466,3.791,3.945,2014-02-23 13:08:51
4.116,3.466,3.791,3.945,2014-02-23 13:09:00
4.116,3.466,3.791,3.945,2014-02-23 13:09:03
4.116,3.466,3.791,3.945,2014-02-23 13:09:12
4.116,3.466,3.791,3.945,2014-02-23 13:09:14
4.116,3.466,3.791,3.945,2014-02-23 13:09:28
4.116,3.466,3.791,3.945,2014-02-23 13:09:34
4.116,3.466,3.791,3.945,2014-02-23 13:09:41
4.116,3.466,3.791,3.945,2014-02-23 13:09:47
4.116,3.466,3.791,3.945,2014-02-23 13:09:53
4.116,3.466,3.791,3.945,2014-02-23 13:10:05
4.116,3.466,3.791,3.945,2014-02-23 13:10:15
4.116,3.466,3.791,3.945,2014-02-23 13:10:16
4.116,3.466,3.791,3.945,2014-02-23 13:10:27
4.116,3.466,3.791,3.945,2014-02-23 13:10:28
4.116,3.466,3.791,3.927,2014-02-23 13:10:39
4.116,3.466,3.791,3.927,2014-02-23 13:10:41
4.116,3.466,3.791,3.927,2014-02-23 13:10:50
4.116,3.466,3.791,3.927,2014-02-23 13:10:52
4.116,3.466,3.791,3.927,2014-02-23 13:11:03
4.116,3.466,3.791,3.927,2014-02-23 13:11:03
4.116,3.466,3.791,3.927,2014-02-23 13:11:14
4.116,3.466,3.791,3.927,2014-02-23 13:11:15
4.116,3.466,3.791,3.927,2014-02-23 13:11:24
4.116,3.466,3.791,3.927,2014-02-23 13:11:26
4.116,3.466,3.791,3.927,2014-02-23 13:11:35
4.116,3.466,3.791,3.927,2014-02-23 13:11:37
4.116,3.466,3.791,3.927,2014-02-23 13:11:53
4.116,3.466,3.791,3.927,2014-02-23 13:12:04
4.116,3.466,3.791,3.927,2014-02-23 13:12:05
4.116,3.466,3.791,3.927,2014-02-23 13:12:16
4.116,3.466,3.791,3.927,2014-02-23 13:12:17
4.116,3.466,3.791,3.927,2014-02-23 13:12:26
4.116,3.466,3.791,3.927,2014-02-23 13:12:27
4.116,3.466,3.791,3.927,2014-02-23 13:12:37
4.116,3.466,3.791,3.927,2014-02-23 13:12:39
4.116,3.466,3.791,3.927,2014-02-23 13:12:47
4.116,3.466,3.791,3.927,2014-02-23 13:12:48
4.116,3.466,3.791,3.927,2014-02-23 13:13:00
4.116,3.466,3.791,3.927,2014-02-23 13:13:01
4.116,3.466,3.791,3.927,2014-02-23 13:13:11
4.116,3.466,3.791,3.927,2014-02-23 13:13:12
4.116,3.466,3.791,3.927,2014-02-23 13:13:22
4.116,3.466,3.791,3.927,2014-02-23 13:13:25
4.116,3.466,3.791,3.927,2014-02-23 13:13:33
4.116,3.466,3.791,3.927,2014-02-23 13:13:35
4.116,3.466,3.791,3.927,2014-02-23 13:13:43
4.116,3.466,3.791,3.927,2014-02-23 13:13:46
4.116,3.466,3.791,3.927,2014-02-23 13:13:54
4.116,3.466,3.791,3.927,2014-02-23 13:13:57
4.116,3.466,3.791,3.927,2014-02-23 13:14:05
4.116,3.466,3.791,3.927,2014-02-23 13:14:07
4.116,3.466,3.791,3.927,2014-02-23 13:14:16
4.116,3.466,3.791,3.927,2014-02-23 13:14:21
4.116,3.466,3.791,3.927,2014-02-23 13:14:26
4.116,3.466,3.791,3.927,2014-02-23 13:14:32
4.116,3.466,3.791,3.927,2014-02-23 13:14:36
4.116,3.466,3.791,3.927,2014-02-23 13:14:43
4.116,3.466,3.791,3.927,2014-02-23 13:14:50
4.116,3.466,3.791,3.927,2014-02-23 13:14:57
4.116,3.466,3.791,3.927,2014-02-23 13:15:04
4.116,3.466,3.791,3.927,2014-02-23 13:15:07
4.116,3.466,3.791,3.927,2014-02-23 13:15:15
4.116,3.466,3.791,3.927,2014-02-23 13:15:18
4.116,3.466,3.791,3.927,2014-02-23 13:15:26
4.116,3.466,3.791,3.927,2014-02-23 13:15:31
4.116,3.466,3.791,3.927,2014-02-23 13:15:37
4.116,3.466,3.791,3.927,2014-02-23 13:15:42
4.116,3.466,3.791,3.927,2014-02-23 13:15:48
4.116,3.466,3.791,3.927,2014-02-23 13:15:54
4.116,3.466,3.791,3.927,2014-02-23 13:15:59
4.116,3.466,3.791,3.927,2014-02-23 13:16:07
4.116,3.466,3.791,3.927,2014-02-23 13:16:10
4.116,3.466,3.791,3.927,2014-02-23 13:16:18
4.116,3.466,3.791,3.927,2014-02-23 13:16:22
4.116,3.466,3.791,3.927,2014-02-23 13:16:29
4.116,3.466,3.791,3.927,2014-02-23 13:16:32
4.116,3.466,3.791,3.927,2014-02-23 13:16:40
4.116,3.466,3.791,3.927,2014-02-23 13:16:43
4.116,3.466,3.791,3.927,2014-02-23 13:16:50
4.116,3.466,3.791,3.927,2014-02-23 13:16:54
4.116,3.466,3.791,3.927,2014-02-23 13:17:01
4.116,3.466,3.791,3.927,2014-02-23 13:17:13
4.116,3.466,3.791,3.945,2014-02-23 13:17:16
4.116,3.466,3.791,3.945,2014-02-23 13:17:29
4.116,3.466,3.791,3.945,2014-02-23 13:17:34
4.116,3.466,3.791,3.945,2014-02-23 13:17:39
4.116,3.466,3.791,3.945,2014-02-23 13:17:46
4.116,3.466,3.791,3.945,2014-02-23 13:17:49
4.116,3.466,3.791,3.945,2014-02-23 13:17:56
4.116,3.466,3.791,3.945,2014-02-23 13:17:59
4.116,3.466,3.791,3.945,2014-02-23 13:18:07
4.116,3.466,3.791,3.945,2014-02-23 13:18:10
4.116,3.466,3.791,3.945,2014-02-23 13:18:17
4.116,3.466,3.791,3.945,2014-02-23 13:18:21
4.116,3.466,3.791,3.945,2014-02-23 13:18:28
4.116,3.466,3.791,3.945,2014-02-23 13:18:33
4.116,3.466,3.791,3.945,2014-02-23 13:18:39
4.116,3.466,3.791,3.945,2014-02-23 13:18:44
4.116,3.466,3.791,3.945,2014-02-23 13:18:50
4.116,3.466,3.791,3.945,2014-02-23 13:18:54
4.116,3.466,3.791,3.945,2014-02-23 13:19:00
4.116,3.466,3.791,3.945,2014-02-23 13:19:06
4.116,3.466,3.791,3.945,2014-02-23 13:19:12
4.116,3.466,3.791,3.945,2014-02-23 13:19:18
4.116,3.466,3.791,3.945,2014-02-23 13:19:24
4.116,3.466,3.791,3.945,2014-02-23 13:19:30
4.116,3.466,3.791,3.945,2014-02-23 13:19:34
4.116,3.466,3.791,3.945,2014-02-23 13:19:41
4.116,3.466,3.791,3.945,2014-02-23 13:19:47
4.116,3.466,3.791,3.945,2014-02-23 13:19:55
4.116,3.466,3.791,3.945,2014-02-23 13:19:59
4.116,3.466,3.791,3.945,2014-02-23 13:20:06
4.116,3.466,3.791,3.945,2014-02-23 13:20:10
4.116,3.466,3.791,3.945,2014-02-23 13:20:17
4.116,3.466,3.791,3.945,2014-02-23 13:20:20
4.116,3.466,3.791,3.945,2014-02-23 13:20:28
4.116,3.466,3.791,3.945,2014-02-23 13:20:34
4.116,3.466,3.791,3.945,2014-02-23 13:20:39
4.116,3.466,3.791,3.945,2014-02-23 13:20:48
4.116,3.466,3.791,3.945,2014-02-23 13:20:51
4.116,3.466,3.791,3.945,2014-02-23 13:20:59
4.116,3.466,3.791,3.945,2014-02-23 13:21:01
4.116,3.466,3.791,3.945,2014-02-23 13:21:12
4.116,3.466,3.791,3.945,2014-02-23 13:21:14
4.116,3.466,3.791,3.945,2014-02-23 13:21:24
4.116,3.466,3.791,3.945,2014-02-23 13:21:26
4.116,3.466,3.791,3.945,2014-02-23 13:21:35
4.116,3.466,3.791,3.945,2014-02-23 13:21:37
4.116,3.466,3.791,3.945,2014-02-23 13:21:47
4.116,3.466,3.791,3.945,2014-02-23 13:21:49
4.116,3.466,3.791,3.945,2014-02-23 13:21:58
4.116,3.466,3.791,3.945,2014-02-23 13:21:59
4.116,3.466,3.791,3.945,2014-02-23 13:22:09
4.116,3.466,3.791,3.945,2014-02-23 13:22:10
4.116,3.466,3.791,3.945,2014-02-23 13:22:19
4.116,3.466,3.791,3.945,2014-02-23 13:22:23
4.116,3.466,3.791,3.945,2014-02-23 13:22:30
4.116,3.466,3.791,3.945,2014-02-23 13:22:33
4.116,3.466,3.791,3.945,2014-02-23 13:22:40
4.116,3.466,3.791,3.945,2014-02-23 13:22:46
4.116,3.466,3.791,3.945,2014-02-23 13:22:50
4.116,3.466,3.791,3.945,2014-02-23 13:22:57
4.116,3.466,3.791,3.945,2014-02-23 13:23:01
4.116,3.466,3.791,3.945,2014-02-23 13:23:07
4.116,3.466,3.791,3.945,2014-02-23 13:23:11
4.116,3.466,3.791,3.945,2014-02-23 13:23:20
4.116,3.466,3.791,3.945,2014-02-23 13:23:25
4.116,3.466,3.791,3.945,2014-02-23 13:23:31
4.116,3.466,3.791,3.945,2014-02-23 13:23:36
4.116,3.466,3.791,3.945,2014-02-23 13:23:42
4.116,3.466,3.791,3.945,2014-02-23 13:23:49
4.116,3.466,3.791,3.945,2014-02-23 13:23:57
4.116,3.466,3.791,3.945,2014-02-23 13:24:00
4.116,3.466,3.791,3.945,2014-02-23 13:24:08
4.116,3.466,3.791,3.945,2014-02-23 13:24:10
4.116,3.466,3.791,3.945,2014-02-23 13:24:18
4.116,3.466,3.791,3.945,2014-02-23 13:24:20
4.116,3.466,3.791,3.945,2014-02-23 13:24:28
4.116,3.466,3.791,3.945,2014-02-23 13:24:31
4.116,3.466,3.791,3.945,2014-02-23 13:24:40
4.116,3.466,3.791,3.945,2014-02-23 13:24:41
4.116,3.466,3.791,3.945,2014-02-23 13:24:51
4.116,3.466,3.791,3.945,2014-02-23 13:24:52
4.116,3.466,3.791,3.945,2014-02-23 13:25:02
4.116,3.466,3.791,3.945,2014-02-23 13:25:04
4.116,3.466,3.791,3.945,2014-02-23 13:25:12
4.116,3.466,3.791,3.945,2014-02-23 13:25:14
4.116,3.466,3.791,3.945,2014-02-23 13:25:24
4.116,3.466,3.791,3.945,2014-02-23 13:25:24
4.116,3.466,3.791,3.945,2014-02-23 13:25:35
4.116,3.466,3.791,3.945,2014-02-23 13:25:36
4.116,3.466,3.791,3.945,2014-02-23 13:25:45
4.116,3.466,3.791,3.945,2014-02-23 13:25:46
4.116,3.466,3.791,3.945,2014-02-23 13:25:56
4.116,3.466,3.791,3.945,2014-02-23 13:25:57
4.116,3.466,3.791,3.945,2014-02-23 13:26:07
4.116,3.466,3.791,3.945,2014-02-23 13:26:07
4.116,3.466,3.791,3.945,2014-02-23 13:26:18
4.116,3.466,3.791,3.945,2014-02-23 13:26:19
4.116,3.466,3.791,3.945,2014-02-23 13:26:29
4.116,3.466,3.791,3.945,2014-02-23 13:26:29
4.116,3.466,3.791,3.945,2014-02-23 13:26:39
4.116,3.466,3.791,3.945,2014-02-23 13:26:43
4.116,3.466,3.791,3.945,2014-02-23 13:27:52
4.116,3.466,3.791,3.945,2014-02-23 13:27:52
4.116,3.466,3.791,3.945,2014-02-23 13:28:02
4.116,3.466,3.791,3.945,2014-02-23 13:28:03
4.116,3.466,3.791,3.945,2014-02-23 13:28:13
4.116,3.466,3.791,3.945,2014-02-23 13:28:14
4.116,3.466,3.791,3.945,2014-02-23 13:28:23
4.116,3.466,3.791,3.945,2014-02-23 13:28:24
4.116,3.466,3.791,3.945,2014-02-23 13:28:34
4.116,3.466,3.791,3.945,2014-02-23 13:28:35
4.116,3.466,3.791,3.945,2014-02-23 13:28:45
4.116,3.466,3.791,3.945,2014-02-23 13:28:45
4.116,3.466,3.791,3.945,2014-02-23 13:28:55
4.116,3.466,3.791,3.945,2014-02-23 13:28:56
4.116,3.466,3.791,3.945,2014-02-23 13:29:06
4.116,3.466,3.791,3.945,2014-02-23 13:29:06
4.116,3.466,3.791,3.945,2014-02-23 13:29:17
4.116,3.466,3.791,3.945,2014-02-23 13:29:17
4.116,3.466,3.791,3.945,2014-02-23 13:29:27
4.116,3.466,3.791,3.945,2014-02-23 13:29:28
4.116,3.466,3.791,3.945,2014-02-23 13:29:37
4.116,3.466,3.791,3.945,2014-02-23 13:29:38
4.116,3.466,3.791,3.945,2014-02-23 13:29:48
4.116,3.466,3.791,3.945,2014-02-23 13:29:49
4.116,3.466,3.791,3.945,2014-02-23 13:29:58
4.116,3.466,3.791,3.945,2014-02-23 13:29:59
4.116,3.466,3.791,3.945,2014-02-23 13:30:09
4.116,3.466,3.791,3.945,2014-02-23 13:30:09
4.116,3.466,3.791,3.945,2014-02-23 13:30:19
4.116,3.466,3.791,3.945,2014-02-23 13:30:20
4.116,3.466,3.791,3.945,2014-02-23 13:30:30
4.116,3.466,3.791,3.945,2014-02-23 13:30:30
4.116,3.466,3.791,3.945,2014-02-23 13:30:40
4.116,3.466,3.791,3.945,2014-02-23 13:30:41
4.116,3.466,3.791,3.945,2014-02-23 13:30:50
4.116,3.466,3.791,3.945,2014-02-23 13:30:51
4.116,3.466,3.791,3.945,2014-02-23 13:31:00
4.116,3.466,3.791,3.945,2014-02-23 13:31:02
4.116,3.466,3.791,3.945,2014-02-23 13:31:11
4.116,3.466,3.791,3.945,2014-02-23 13:31:12
4.116,3.466,3.791,3.945,2014-02-23 13:31:21
4.116,3.466,3.791,3.945,2014-02-23 13:31:23
4.116,3.466,3.791,3.945,2014-02-23 13:31:31
4.116,3.466,3.791,3.945,2014-02-23 13:31:33
4.116,3.466,3.791,3.945,2014-02-23 13:31:42
4.116,3.466,3.791,3.945,2014-02-23 13:31:43
4.116,3.466,3.791,3.945,2014-02-23 13:31:53
4.116,3.466,3.791,3.945,2014-02-23 13:31:54
4.116,3.466,3.791,3.945,2014-02-23 13:32:03
4.116,3.466,3.791,3.945,2014-02-23 13:32:04
4.116,3.466,3.791,3.945,2014-02-23 13:32:14
4.116,3.466,3.791,3.945,2014-02-23 13:32:15
4.116,3.466,3.791,3.945,2014-02-23 13:32:25
4.116,3.466,3.791,3.945,2014-02-23 13:32:26
4.116,3.466,3.791,3.945,2014-02-23 13:32:35
4.116,3.466,3.791,3.945,2014-02-23 13:32:36
4.116,3.466,3.791,3.945,2014-02-23 13:32:46
4.116,3.466,3.791,3.945,2014-02-23 13:32:46
4.116,3.466,3.791,3.945,2014-02-23 13:32:56
4.116,3.466,3.791,3.945,2014-02-23 13:32:57
4.116,3.466,3.791,3.945,2014-02-23 13:33:06
4.116,3.466,3.791,3.945,2014-02-23 13:33:07
4.116,3.466,3.791,3.945,2014-02-23 13:33:17
4.116,3.466,3.791,3.945,2014-02-23 13:33:18
4.116,3.466,3.791,3.945,2014-02-23 13:33:27
4.116,3.466,3.791,3.945,2014-02-23 13:33:28
4.116,3.466,3.791,3.945,2014-02-23 13:33:39
4.116,3.466,3.791,3.945,2014-02-23 13:33:39
4.116,3.466,3.791,3.945,2014-02-23 13:33:49
4.116,3.466,3.791,3.945,2014-02-23 13:33:49
4.116,3.466,3.791,3.945,2014-02-23 13:33:59
4.116,3.466,3.791,3.945,2014-02-23 13:33:59
4.116,3.466,3.791,3.945,2014-02-23 13:34:10
4.116,3.466,3.791,3.945,2014-02-23 13:34:10
4.116,3.466,3.791,3.945,2014-02-23 13:34:20
4.116,3.466,3.791,3.945,2014-02-23 13:34:20
4.116,3.466,3.791,3.945,2014-02-23 13:34:30
4.116,3.466,3.791,3.945,2014-02-23 13:34:31
4.116,3.466,3.791,3.945,2014-02-23 13:34:41
4.116,3.466,3.791,3.945,2014-02-23 13:34:42
4.116,3.466,3.791,3.945,2014-02-23 13:34:51
4.116,3.466,3.791,3.945,2014-02-23 13:34:52
4.116,3.466,3.791,3.945,2014-02-23 13:35:02
4.116,3.466,3.791,3.945,2014-02-23 13:35:03
4.116,3.466,3.791,3.945,2014-02-23 13:35:12
4.116,3.466,3.791,3.94,2014-02-23 13:35:13
4.116,3.466,3.791,3.94,2014-02-23 13:35:22
4.116,3.466,3.791,3.94,2014-02-23 13:35:23
4.116,3.466,3.791,3.94,2014-02-23 13:35:33
4.116,3.466,3.791,3.94,2014-02-23 13:35:33
4.116,3.466,3.791,3.94,2014-02-23 13:35:43
4.116,3.466,3.791,3.94,2014-02-23 13:35:44
4.116,3.466,3.791,3.94,2014-02-23 13:35:54
4.116,3.466,3.791,3.94,2014-02-23 13:35:54
4.116,3.466,3.791,3.94,2014-02-23 13:36:04
4.116,3.466,3.791,3.94,2014-02-23 13:36:04
4.116,3.466,3.791,3.945,2014-02-23 13:36:15
4.116,3.466,3.791,3.945,2014-02-23 13:36:15
4.116,3.466,3.791,3.945,2014-02-23 13:36:25
4.116,3.466,3.791,3.945,2014-02-23 13:36:25
4.116,3.466,3.791,3.945,2014-02-23 13:36:35
4.116,3.466,3.791,3.945,2014-02-23 13:36:36
4.116,3.466,3.791,3.945,2014-02-23 13:36:46
4.116,3.466,3.791,3.945,2014-02-23 13:36:47
4.116,3.466,3.791,3.945,2014-02-23 13:36:56
4.116,3.466,3.791,3.945,2014-02-23 13:36:57
4.116,3.466,3.791,3.945,2014-02-23 13:37:07
4.116,3.466,3.791,3.945,2014-02-23 13:37:07
4.116,3.466,3.791,3.945,2014-02-23 13:37:17
4.116,3.466,3.791,3.945,2014-02-23 13:37:18
4.116,3.466,3.791,3.945,2014-02-23 13:37:27
4.116,3.466,3.791,3.945,2014-02-23 13:37:28
4.116,3.466,3.791,3.945,2014-02-23 13:37:38
4.116,3.466,3.791,3.945,2014-02-23 13:37:39
4.116,3.466,3.791,3.945,2014-02-23 13:37:49
4.116,3.466,3.791,3.945,2014-02-23 13:37:50
4.116,3.466,3.791,3.945,2014-02-23 13:38:00
4.116,3.466,3.791,3.945,2014-02-23 13:38:01
4.116,3.466,3.791,3.945,2014-02-23 13:38:11
4.116,3.466,3.791,3.945,2014-02-23 13:38:11
4.116,3.466,3.791,3.945,2014-02-23 13:38:21
4.116,3.466,3.791,3.945,2014-02-23 13:38:22
4.116,3.466,3.791,3.945,2014-02-23 13:38:32
4.116,3.466,3.791,3.945,2014-02-23 13:38:32
4.116,3.466,3.791,3.945,2014-02-23 13:38:42
4.116,3.466,3.791,3.945,2014-02-23 13:38:43
4.116,3.466,3.791,3.945,2014-02-23 13:38:52
4.116,3.466,3.791,3.945,2014-02-23 13:38:54
4.116,3.466,3.791,3.945,2014-02-23 13:39:03
4.116,3.466,3.791,3.945,2014-02-23 13:39:04
4.116,3.466,3.791,3.945,2014-02-23 13:39:27
4.116,3.466,3.791,3.945,2014-02-23 13:39:27
4.116,3.466,3.791,3.945,2014-02-23 13:39:37
4.116,3.466,3.791,3.945,2014-02-23 13:39:37
4.116,3.466,3.791,3.945,2014-02-23 13:39:48
4.116,3.466,3.791,3.945,2014-02-23 13:39:48
4.116,3.466,3.791,3.945,2014-02-23 13:39:58
4.116,3.466,3.791,3.945,2014-02-23 13:39:58
4.116,3.466,3.791,3.945,2014-02-23 13:40:08
4.116,3.466,3.791,3.945,2014-02-23 13:40:09
4.116,3.466,3.791,3.945,2014-02-23 13:40:19
4.116,3.466,3.791,3.945,2014-02-23 13:40:20
4.116,3.466,3.791,3.945,2014-02-23 13:40:30
4.116,3.466,3.791,3.942,2014-02-23 13:40:41
4.116,3.466,3.791,3.942,2014-02-23 13:40:51
4.116,3.466,3.791,3.942,2014-02-23 13:41:01
4.116,3.466,3.791,3.942,2014-02-23 13:41:12
4.116,3.466,3.791,3.942,2014-02-23 13:41:22
4.116,3.466,3.791,3.942,2014-02-23 13:41:33
4.116,3.466,3.791,3.942,2014-02-23 13:41:43
4.116,3.466,3.791,3.945,2014-02-23 13:41:54
4.116,3.466,3.791,3.945,2014-02-23 13:42:04
4.116,3.466,3.791,3.945,2014-02-23 13:42:15
4.116,3.466,3.791,3.945,2014-02-23 13:42:25
4.116,3.466,3.791,3.945,2014-02-23 13:42:36
4.116,3.466,3.791,3.945,2014-02-23 13:42:46
4.116,3.466,3.791,3.945,2014-02-23 13:42:56
4.116,3.466,3.791,3.945,2014-02-23 13:43:07
4.116,3.466,3.791,3.945,2014-02-23 13:43:18
4.116,3.466,3.791,3.945,2014-02-23 13:43:28
4.116,3.466,3.791,3.945,2014-02-23 13:43:38
4.116,3.466,3.791,3.945,2014-02-23 13:43:50
4.116,3.466,3.791,3.945,2014-02-23 13:44:00
4.116,3.466,3.791,3.945,2014-02-23 13:44:11
4.116,3.466,3.791,3.945,2014-02-23 13:44:21
4.116,3.466,3.791,3.945,2014-02-23 13:44:31
4.116,3.466,3.791,3.945,2014-02-23 13:44:42
4.116,3.466,3.791,3.945,2014-02-23 13:44:53
4.116,3.466,3.791,3.945,2014-02-23 13:45:03
4.116,3.466,3.791,3.945,2014-02-23 13:45:14
4.116,3.466,3.791,3.945,2014-02-23 13:45:24
4.116,3.466,3.791,3.945,2014-02-23 13:45:34
4.116,3.466,3.791,3.945,2014-02-23 13:45:45
4.116,3.466,3.791,3.945,2014-02-23 13:45:56
4.116,3.466,3.791,3.945,2014-02-23 13:46:06
4.116,3.466,3.791,3.945,2014-02-23 13:46:17
4.116,3.466,3.791,3.945,2014-02-23 13:46:28
4.116,3.466,3.791,3.945,2014-02-23 13:46:38
4.116,3.466,3.791,3.945,2014-02-23 13:46:50
4.116,3.466,3.791,3.945,2014-02-23 13:47:00
4.116,3.466,3.791,3.945,2014-02-23 13:47:11
4.116,3.466,3.791,3.945,2014-02-23 13:47:21
4.116,3.466,3.791,3.945,2014-02-23 13:47:32
4.116,3.466,3.791,3.945,2014-02-23 13:47:43
4.116,3.466,3.791,3.945,2014-02-23 13:47:53
4.116,3.466,3.791,3.945,2014-02-23 13:48:04
4.116,3.466,3.791,3.945,2014-02-23 13:48:15
4.116,3.466,3.791,3.945,2014-02-23 13:48:25
4.116,3.466,3.791,3.945,2014-02-23 13:48:35
4.116,3.466,3.791,3.945,2014-02-23 13:48:46
4.116,3.466,3.791,3.945,2014-02-23 13:48:56
4.116,3.466,3.791,3.945,2014-02-23 13:49:07
4.116,3.466,3.791,3.945,2014-02-23 13:49:17
4.116,3.466,3.791,3.945,2014-02-23 13:49:28
4.116,3.466,3.791,3.945,2014-02-23 13:49:38
4.116,3.466,3.791,3.945,2014-02-23 13:49:50
4.116,3.466,3.791,3.945,2014-02-23 13:50:00
4.116,3.466,3.791,3.945,2014-02-23 13:50:10
4.116,3.466,3.791,3.945,2014-02-23 13:50:20
4.116,3.466,3.791,3.945,2014-02-23 13:50:31
4.116,3.466,3.791,3.945,2014-02-23 13:50:41
4.116,3.466,3.791,3.945,2014-02-23 13:50:52
4.116,3.466,3.791,3.945,2014-02-23 13:51:03
4.116,3.466,3.791,3.945,2014-02-23 13:51:14
4.116,3.466,3.791,3.945,2014-02-23 13:51:25
4.116,3.466,3.791,3.945,2014-02-23 13:51:35
4.116,3.466,3.791,3.945,2014-02-23 13:51:46
4.116,3.466,3.791,3.945,2014-02-23 13:51:57
4.116,3.466,3.791,3.945,2014-02-23 13:52:07
4.116,3.466,3.791,3.945,2014-02-23 13:52:17
4.116,3.466,3.791,3.945,2014-02-23 13:52:28
4.116,3.466,3.791,3.945,2014-02-23 13:52:38
4.116,3.466,3.791,3.945,2014-02-23 13:52:49
4.116,3.466,3.791,3.945,2014-02-23 13:53:00
4.116,3.466,3.791,3.945,2014-02-23 13:53:10
4.116,3.466,3.791,3.945,2014-02-23 13:53:21
4.116,3.466,3.791,3.945,2014-02-23 13:53:31
4.116,3.466,3.791,3.945,2014-02-23 13:53:42
4.116,3.466,3.791,3.945,2014-02-23 13:53:53
4.116,3.466,3.791,3.945,2014-02-23 13:54:03
4.116,3.466,3.791,3.945,2014-02-23 13:54:14
4.116,3.466,3.791,3.945,2014-02-23 13:54:25
4.116,3.466,3.791,3.945,2014-02-23 13:54:35
4.116,3.466,3.791,3.945,2014-02-23 13:54:46
4.116,3.466,3.791,3.945,2014-02-23 13:54:58
4.116,3.466,3.791,3.945,2014-02-23 13:55:09
4.116,3.466,3.791,3.945,2014-02-23 13:55:19
4.116,3.466,3.791,3.945,2014-02-23 13:55:30
4.116,3.466,3.791,3.945,2014-02-23 13:55:41
4.116,3.466,3.791,3.945,2014-02-23 13:55:52
4.116,3.466,3.791,3.945,2014-02-23 13:56:02
4.116,3.466,3.791,3.945,2014-02-23 13:56:13
4.116,3.466,3.791,3.942,2014-02-23 13:56:24
4.116,3.466,3.791,3.942,2014-02-23 13:56:35
4.116,3.466,3.791,3.942,2014-02-23 13:56:45
4.116,3.466,3.791,3.942,2014-02-23 13:56:56
4.116,3.466,3.791,3.942,2014-02-23 13:57:07
4.116,3.466,3.791,3.942,2014-02-23 13:57:18
4.116,3.466,3.791,3.942,2014-02-23 13:57:28
4.116,3.466,3.791,3.942,2014-02-23 13:57:39
4.116,3.466,3.791,3.942,2014-02-23 13:57:49
4.116,3.466,3.791,3.942,2014-02-23 13:58:00
4.116,3.466,3.791,3.942,2014-02-23 13:58:10
4.116,3.466,3.791,3.942,2014-02-23 13:58:21
4.116,3.466,3.791,3.942,2014-02-23 13:58:31
4.116,3.466,3.791,3.942,2014-02-23 13:58:41
4.116,3.466,3.791,3.942,2014-02-23 13:58:52
4.116,3.466,3.791,3.942,2014-02-23 13:59:02
4.116,3.466,3.791,3.942,2014-02-23 13:59:13
4.116,3.466,3.791,3.942,2014-02-23 13:59:24
4.116,3.466,3.791,3.942,2014-02-23 13:59:35
4.116,3.466,3.791,3.942,2014-02-23 13:59:45
4.116,3.466,3.791,3.942,2014-02-23 13:59:56
4.116,3.466,3.791,3.942,2014-02-23 14:00:05
4.116,3.466,3.791,3.942,2014-02-23 14:00:16
4.116,3.466,3.791,3.942,2014-02-23 14:00:27
4.116,3.466,3.791,3.942,2014-02-23 14:00:37
4.116,3.466,3.791,3.942,2014-02-23 14:00:48
4.116,3.466,3.791,3.942,2014-02-23 14:00:58
4.116,3.466,3.791,3.942,2014-02-23 14:01:09
4.116,3.466,3.791,3.942,2014-02-23 14:01:20
4.116,3.466,3.791,3.942,2014-02-23 14:01:30
4.116,3.466,3.791,3.942,2014-02-23 14:01:41
4.116,3.466,3.791,3.942,2014-02-23 14:01:51
4.116,3.466,3.791,3.942,2014-02-23 14:02:01
4.116,3.466,3.791,3.942,2014-02-23 14:02:11
4.116,3.466,3.791,3.942,2014-02-23 14:02:22
4.116,3.466,3.791,3.942,2014-02-23 14:02:33
4.116,3.466,3.791,3.942,2014-02-23 14:02:43
4.116,3.466,3.791,3.942,2014-02-23 14:02:54
4.116,3.466,3.791,3.942,2014-02-23 14:03:05
4.116,3.466,3.791,3.942,2014-02-23 14:03:16
4.116,3.466,3.791,3.942,2014-02-23 14:03:26
4.116,3.466,3.791,3.942,2014-02-23 14:03:36
4.116,3.466,3.791,3.942,2014-02-23 14:03:47
4.116,3.466,3.791,3.942,2014-02-23 14:03:57
4.116,3.466,3.791,3.942,2014-02-23 14:04:27
4.116,3.466,3.791,3.942,2014-02-23 14:04:28
4.116,3.466,3.791,3.942,2014-02-23 14:04:38
4.116,3.466,3.791,3.942,2014-02-23 14:04:39
4.116,3.466,3.791,3.945,2014-02-23 14:05:24
4.116,3.466,3.791,3.945,2014-02-23 14:05:24
4.116,3.466,3.791,3.945,2014-02-23 14:05:35
4.116,3.466,3.791,3.945,2014-02-23 14:05:35
4.116,3.466,3.791,3.945,2014-02-23 14:05:45
4.116,3.466,3.791,3.945,2014-02-23 14:05:46
4.116,3.466,3.791,3.945,2014-02-23 14:05:56
4.116,3.466,3.791,3.945,2014-02-23 14:05:56
4.116,3.466,3.791,3.945,2014-02-23 14:06:06
4.116,3.466,3.791,3.945,2014-02-23 14:06:06
4.116,3.466,3.791,3.945,2014-02-23 14:06:18
4.116,3.466,3.791,3.945,2014-02-23 14:06:18
4.116,3.466,3.791,3.945,2014-02-23 14:06:28
4.116,3.466,3.791,3.945,2014-02-23 14:06:28
4.116,3.466,3.791,3.945,2014-02-23 14:06:39
4.116,3.466,3.791,3.945,2014-02-23 14:06:39
4.116,3.466,3.791,3.945,2014-02-23 14:06:49
4.116,3.466,3.791,3.945,2014-02-23 14:06:50
4.116,3.466,3.791,3.945,2014-02-23 14:07:00
4.116,3.466,3.791,3.945,2014-02-23 14:07:00
4.116,3.466,3.791,3.945,2014-02-23 14:07:10
4.116,3.466,3.791,3.945,2014-02-23 14:07:11
4.116,3.466,3.791,3.945,2014-02-23 14:07:21
4.116,3.466,3.791,3.945,2014-02-23 14:07:22
4.116,3.466,3.791,3.945,2014-02-23 14:07:32
4.116,3.466,3.791,3.945,2014-02-23 14:07:32
4.116,3.466,3.791,3.945,2014-02-23 14:07:42
4.116,3.466,3.791,3.945,2014-02-23 14:07:42
4.116,3.466,3.791,3.945,2014-02-23 14:07:53
4.116,3.466,3.791,3.945,2014-02-23 14:07:54
4.116,3.466,3.791,3.945,2014-02-23 14:08:04
4.116,3.466,3.791,3.945,2014-02-23 14:08:05
4.116,3.466,3.791,3.945,2014-02-23 14:08:14
4.116,3.466,3.791,3.945,2014-02-23 14:08:15
4.116,3.466,3.791,3.945,2014-02-23 14:08:25
4.116,3.466,3.791,3.945,2014-02-23 14:08:25
4.116,3.466,3.791,3.945,2014-02-23 14:08:36
4.116,3.466,3.791,3.945,2014-02-23 14:08:36
4.116,3.466,3.791,3.945,2014-02-23 14:08:46
4.116,3.466,3.791,3.945,2014-02-23 14:08:47
4.116,3.466,3.791,3.945,2014-02-23 14:08:57
4.116,3.466,3.791,3.945,2014-02-23 14:08:57
4.116,3.466,3.791,3.945,2014-02-23 14:09:08
4.116,3.466,3.791,3.945,2014-02-23 14:09:08
4.116,3.466,3.791,3.945,2014-02-23 14:09:18
4.116,3.466,3.791,3.945,2014-02-23 14:09:19
4.116,3.466,3.791,3.945,2014-02-23 14:09:29
4.116,3.466,3.791,3.945,2014-02-23 14:09:30
4.116,3.466,3.791,3.945,2014-02-23 14:09:39
4.116,3.466,3.791,3.945,2014-02-23 14:09:40
4.116,3.466,3.791,3.945,2014-02-23 14:14:00
4.116,3.466,3.791,3.945,2014-02-23 14:14:06
4.116,3.466,3.791,3.945,2014-02-23 14:14:13
4.116,3.466,3.791,3.945,2014-02-23 14:14:17
4.116,3.466,3.791,3.945,2014-02-23 14:14:23
4.116,3.466,3.791,3.945,2014-02-23 14:14:28
4.116,3.466,3.791,3.945,2014-02-23 14:14:33
4.116,3.466,3.791,3.945,2014-02-23 14:15:36
4.116,3.466,3.791,3.945,2014-02-23 14:15:47
4.116,3.466,3.791,3.945,2014-02-23 14:15:47
4.116,3.466,3.791,3.945,2014-02-23 14:15:58
4.116,3.466,3.791,3.945,2014-02-23 14:16:00
4.116,3.466,3.791,3.945,2014-02-23 14:16:10
4.116,3.466,3.791,3.945,2014-02-23 14:16:11
4.116,3.466,3.791,3.945,2014-02-23 14:16:20
4.116,3.466,3.791,3.945,2014-02-23 14:16:21
4.116,3.466,3.791,3.945,2014-02-23 14:16:31
4.116,3.466,3.791,3.945,2014-02-23 14:16:34
4.116,3.466,3.791,3.945,2014-02-23 14:16:42
4.116,3.466,3.791,3.945,2014-02-23 14:16:45
4.116,3.466,3.791,3.945,2014-02-23 14:16:52
4.116,3.466,3.791,3.945,2014-02-23 14:16:56
4.116,3.466,3.791,3.945,2014-02-23 14:17:06
4.116,3.466,3.791,3.945,2014-02-23 14:17:08
4.116,3.466,3.791,3.945,2014-02-23 14:17:16
4.116,3.466,3.791,3.945,2014-02-23 14:17:21
4.116,3.466,3.791,3.945,2014-02-23 14:17:28
4.116,3.466,3.791,3.945,2014-02-23 14:17:36
4.116,3.466,3.791,3.945,2014-02-23 14:17:39
4.116,3.466,3.791,3.95,2014-02-23 14:17:48
4.116,3.466,3.791,3.95,2014-02-23 14:17:49
4.116,3.466,3.791,3.95,2014-02-23 14:18:00
4.116,3.466,3.791,3.95,2014-02-23 14:18:01
4.116,3.466,3.791,3.95,2014-02-23 14:18:10
4.116,3.466,3.791,3.95,2014-02-23 14:18:13
4.116,3.466,3.791,3.95,2014-02-23 14:18:20
4.116,3.466,3.791,3.95,2014-02-23 14:18:25
4.116,3.466,3.791,3.95,2014-02-23 14:25:50
4.116,3.466,3.791,3.95,2014-02-23 14:25:52
4.116,3.466,3.791,3.95,2014-02-23 14:26:02
4.116,3.466,3.791,3.95,2014-02-23 14:26:04
4.116,3.466,3.791,3.95,2014-02-23 14:26:15
4.116,3.466,3.791,3.95,2014-02-23 14:26:15
4.116,3.466,3.791,3.95,2014-02-23 14:26:29
4.116,3.466,3.791,3.95,2014-02-23 14:26:32
4.116,3.466,3.791,3.95,2014-02-23 14:26:40
4.116,3.466,3.791,3.95,2014-02-23 14:26:51
4.116,3.466,3.791,3.95,2014-02-23 14:26:54
4.116,3.466,3.791,3.95,2014-02-23 14:27:04
4.116,3.466,3.791,3.95,2014-02-23 14:27:06
4.116,3.466,3.791,3.95,2014-02-23 14:27:19
4.116,3.466,3.791,3.95,2014-02-23 14:27:18
4.116,3.466,3.791,3.95,2014-02-23 14:27:32
4.116,3.466,3.791,3.95,2014-02-23 14:27:33
4.116,3.466,3.791,3.95,2014-02-23 14:27:44
4.116,3.466,3.791,3.95,2014-02-23 14:27:45
4.116,3.466,3.791,3.949,2014-02-23 14:28:33
4.116,3.466,3.791,3.949,2014-02-23 14:28:43
4.116,3.466,3.791,3.949,2014-02-23 14:29:26
4.116,3.466,3.791,3.949,2014-02-23 14:29:33
4.116,3.466,3.791,3.949,2014-02-23 14:29:39
4.116,3.466,3.791,3.949,2014-02-23 14:29:43
4.116,3.466,3.791,3.949,2014-02-23 14:29:51
4.116,3.466,3.791,3.949,2014-02-23 14:29:59
4.116,3.466,3.791,3.949,2014-02-23 14:30:05
4.116,3.466,3.791,3.949,2014-02-23 14:30:12
4.116,3.466,3.791,3.949,2014-02-23 14:30:16
4.116,3.466,3.791,3.949,2014-02-23 14:30:22
4.116,3.466,3.791,3.9,2014-02-23 14:32:09
4.116,3.466,3.791,3.9,2014-02-23 14:32:10
4.116,3.466,3.791,3.9,2014-02-23 14:32:19
4.116,3.466,3.791,3.9,2014-02-23 14:32:23
4.116,3.466,3.791,3.9,2014-02-23 14:32:29
4.116,3.466,3.791,3.9,2014-02-23 14:32:34
4.116,3.466,3.791,3.9,2014-02-23 14:32:48
4.116,3.466,3.791,3.9,2014-02-23 14:33:00
4.116,3.466,3.791,3.937,2014-02-23 14:33:35
4.116,3.466,3.791,3.937,2014-02-23 14:33:36
4.116,3.466,3.791,3.937,2014-02-23 14:33:49
4.116,3.466,3.791,3.937,2014-02-23 14:33:50
4.116,3.466,3.791,3.937,2014-02-23 14:34:00
4.116,3.466,3.791,3.937,2014-02-23 14:34:04
4.116,3.466,3.791,3.937,2014-02-23 14:34:12
4.116,3.466,3.791,3.937,2014-02-23 14:34:17
4.116,3.466,3.791,3.937,2014-02-23 14:34:27
4.116,3.466,3.791,3.937,2014-02-23 14:34:37
4.116,3.466,3.791,3.937,2014-02-23 14:34:40
4.116,3.466,3.791,3.937,2014-02-23 14:34:48
4.116,3.466,3.791,3.937,2014-02-23 14:34:53
4.116,3.466,3.791,3.937,2014-02-23 14:35:04
4.116,3.466,3.791,3.937,2014-02-23 14:35:06
4.116,3.477,3.7965,3.949,2014-02-23 15:34:09
4.116,3.477,3.7965,3.949,2014-02-23 15:34:10
4.116,3.477,3.7965,3.949,2014-02-23 15:34:19
4.116,3.477,3.7965,3.949,2014-02-23 15:34:24
4.116,3.477,3.7965,3.949,2014-02-23 15:34:32
4.116,3.477,3.7965,3.949,2014-02-23 15:34:34
4.116,3.477,3.7965,3.949,2014-02-23 15:34:45
4.116,3.477,3.7965,3.949,2014-02-23 15:34:47
4.116,3.477,3.7965,3.949,2014-02-23 15:34:57
4.116,3.477,3.7965,3.949,2014-02-23 15:34:59
4.116,3.481,3.7985,3.949,2014-02-23 15:35:08
4.116,3.481,3.7985,3.949,2014-02-23 15:35:10
4.116,3.5,3.808,4.01,2014-02-23 16:06:14
4.116,3.5,3.808,4.01,2014-02-23 16:06:15
4.116,3.5,3.808,4.01,2014-02-23 16:06:27
4.116,3.5,3.808,4.01,2014-02-23 16:06:38
4.116,3.5,3.808,4.01,2014-02-23 16:06:39
4.116,3.5,3.808,4.01,2014-02-23 16:06:59
4.116,3.5,3.808,4.01,2014-02-23 16:07:00
4.116,3.5,3.808,3.996,2014-02-23 16:07:13
4.116,3.5,3.808,3.996,2014-02-23 16:07:17
4.116,3.5,3.808,3.996,2014-02-23 16:07:23
4.116,3.5,3.808,3.996,2014-02-23 16:07:27
4.116,3.5,3.808,3.996,2014-02-23 16:07:36
4.116,3.5,3.808,3.996,2014-02-23 16:07:37
4.116,3.5,3.808,3.996,2014-02-23 16:07:50
4.116,3.5,3.808,3.996,2014-02-23 16:07:56
4.116,3.5,3.808,3.996,2014-02-23 16:08:01
4.116,3.5,3.808,3.996,2014-02-23 16:08:13
4.116,3.5,3.808,3.996,2014-02-23 16:08:25
4.116,3.5,3.808,3.996,2014-02-23 16:08:28
4.116,3.5,3.808,3.996,2014-02-23 16:08:38
4.116,3.5,3.808,3.996,2014-02-23 16:08:39
4.116,3.5,3.808,3.996,2014-02-23 16:08:49
4.116,3.5,3.808,3.996,2014-02-23 16:08:53
4.116,3.5,3.808,3.996,2014-02-23 16:09:01
4.116,3.5,3.808,3.989,2014-02-23 16:09:14
4.116,3.5,3.808,3.989,2014-02-23 16:09:34
4.116,3.5,3.808,3.989,2014-02-23 16:09:45
4.116,3.5,3.808,3.989,2014-02-23 16:09:56
4.116,3.5,3.808,3.989,2014-02-23 16:09:56
4.116,3.5,3.808,3.989,2014-02-23 16:10:07
4.116,3.5,3.808,3.989,2014-02-23 16:10:08
4.116,3.5,3.808,3.989,2014-02-23 16:10:17
4.116,3.5,3.808,3.989,2014-02-23 16:10:18
4.116,3.5,3.808,3.989,2014-02-23 16:10:29
4.116,3.5,3.808,3.989,2014-02-23 16:10:30
4.116,3.5,3.808,3.989,2014-02-23 16:10:42
4.116,3.5,3.808,3.989,2014-02-23 16:10:42
4.116,3.5,3.808,3.989,2014-02-23 16:10:52
4.116,3.5,3.808,3.989,2014-02-23 16:10:57
4.116,3.5,3.808,3.988,2014-02-23 16:11:03
4.116,3.5,3.808,3.988,2014-02-23 16:11:08
4.116,3.5,3.808,3.988,2014-02-23 16:11:13
4.116,3.5,3.808,3.988,2014-02-23 16:11:19
4.116,3.5,3.808,3.988,2014-02-23 16:11:23
4.116,3.5,3.808,3.988,2014-02-23 16:11:30
4.116,3.5,3.808,3.988,2014-02-23 16:11:35
4.116,3.5,3.808,4.0,2014-02-23 16:11:40
4.116,3.5,3.808,4.0,2014-02-23 16:11:47
4.116,3.5,3.808,4.0,2014-02-23 16:11:50
4.116,3.5,3.808,4.0,2014-02-23 16:11:58
4.116,3.5,3.808,4.0,2014-02-23 16:12:03
4.116,3.5,3.808,3.988,2014-02-23 16:12:11
4.116,3.5,3.808,3.988,2014-02-23 16:12:14
4.116,3.5,3.808,3.988,2014-02-23 16:12:22
4.116,3.5,3.808,3.988,2014-02-23 16:12:24
4.116,3.5,3.808,3.988,2014-02-23 16:12:33
4.116,3.5,3.808,3.988,2014-02-23 16:12:35
4.116,3.5,3.808,3.988,2014-02-23 16:12:45
4.116,3.5,3.808,3.988,2014-02-23 16:12:47
4.116,3.5,3.808,3.988,2014-02-23 16:12:55
4.116,3.5,3.808,3.988,2014-02-23 16:13:00
4.116,3.5,3.808,3.988,2014-02-23 16:13:08
4.116,3.5,3.808,3.988,2014-02-23 16:13:10
4.116,3.5,3.808,3.988,2014-02-23 16:13:19
4.116,3.5,3.808,3.988,2014-02-23 16:13:23
4.116,3.5,3.808,3.988,2014-02-23 16:13:30
4.116,3.5,3.808,3.998,2014-02-23 16:13:34
4.116,3.5,3.808,3.998,2014-02-23 16:13:40
4.116,3.5,3.808,3.998,2014-02-23 16:13:46
4.116,3.5,3.808,3.998,2014-02-23 16:13:51
4.116,3.5,3.808,3.998,2014-02-23 16:13:57
4.116,3.5,3.808,3.998,2014-02-23 16:14:02
4.116,3.5,3.808,3.998,2014-02-23 16:14:10
4.116,3.5,3.808,3.998,2014-02-23 16:14:16
4.116,3.5,3.808,3.998,2014-02-23 16:14:20
4.116,3.5,3.808,3.998,2014-02-23 16:14:28
4.116,3.5,3.808,3.998,2014-02-23 16:14:32
4.116,3.5,3.808,3.998,2014-02-23 16:14:40
4.116,3.5,3.808,3.998,2014-02-23 16:14:44
4.116,3.5,3.808,3.998,2014-02-23 16:14:50
4.116,3.5,3.808,3.998,2014-02-23 16:14:56
4.116,3.5,3.808,3.998,2014-02-23 16:15:01
4.116,3.5,3.808,3.998,2014-02-23 16:15:06
4.116,3.5,3.808,3.998,2014-02-23 16:15:16
4.116,3.5,3.808,3.998,2014-02-23 16:15:19
4.116,3.5,3.808,3.998,2014-02-23 16:15:26
4.116,3.5,3.808,3.998,2014-02-23 16:15:29
4.116,3.5,3.808,3.998,2014-02-23 16:15:36
4.116,3.5,3.808,3.998,2014-02-23 16:15:40
4.116,3.5,3.808,3.998,2014-02-23 16:15:48
4.116,3.5,3.808,3.998,2014-02-23 16:15:55
4.116,3.5,3.808,3.998,2014-02-23 16:16:01
4.116,3.5,3.808,3.998,2014-02-23 16:16:08
4.116,3.5,3.808,3.998,2014-02-23 16:16:11
4.116,3.5,3.808,3.981,2014-02-23 16:16:18
4.116,3.5,3.808,3.965,2014-02-23 16:16:22
4.116,3.5,3.808,3.965,2014-02-23 16:16:30
4.116,3.5,3.808,3.965,2014-02-23 16:16:32
4.116,3.5,3.808,3.98,2014-02-23 16:16:43
4.116,3.5,3.808,3.98,2014-02-23 16:16:44
4.116,3.5,3.808,3.98,2014-02-23 16:16:53
4.116,3.5,3.808,3.98,2014-02-23 16:16:57
4.116,3.5,3.808,3.98,2014-02-23 16:17:06
4.116,3.5,3.808,3.98,2014-02-23 16:17:10
4.116,3.5,3.808,3.98,2014-02-23 16:17:16
4.116,3.5,3.808,3.98,2014-02-23 16:17:25
4.116,3.5,3.808,3.98,2014-02-23 16:17:29
4.116,3.5,3.808,3.98,2014-02-23 16:17:35
4.116,3.5,3.808,3.98,2014-02-23 16:17:39
4.116,3.5,3.808,3.98,2014-02-23 16:17:46
4.116,3.5,3.808,3.98,2014-02-23 16:17:51
4.116,3.5,3.808,3.98,2014-02-23 16:18:00
4.116,3.5,3.808,3.98,2014-02-23 16:18:02
4.116,3.544,3.83,3.951,2014-02-23 16:18:13
4.116,3.544,3.83,3.951,2014-02-23 16:18:14
4.116,3.544,3.83,3.951,2014-02-23 16:18:24
4.116,3.544,3.83,3.951,2014-02-23 16:18:24
4.116,3.544,3.83,3.951,2014-02-23 16:18:35
4.116,3.544,3.83,3.951,2014-02-23 16:18:36
4.116,3.544,3.83,3.951,2014-02-23 16:18:45
4.116,3.544,3.83,3.951,2014-02-23 16:18:48
4.116,3.544,3.83,3.951,2014-02-23 16:18:58
4.116,3.544,3.83,3.951,2014-02-23 16:18:58
4.116,3.549,3.8325,3.951,2014-02-23 16:19:08
4.116,3.549,3.8325,3.951,2014-02-23 16:19:11
4.116,3.549,3.8325,3.951,2014-02-23 16:19:19
4.116,3.549,3.8325,3.951,2014-02-23 16:19:23
4.116,3.549,3.8325,3.951,2014-02-23 16:19:30
4.116,3.549,3.8325,3.951,2014-02-23 16:19:35
4.116,3.549,3.8325,3.951,2014-02-23 16:19:42
4.116,3.549,3.8325,3.951,2014-02-23 16:19:47
4.116,3.549,3.8325,3.951,2014-02-23 16:19:53
4.116,3.549,3.8325,3.951,2014-02-23 16:19:57
4.116,3.549,3.8325,3.951,2014-02-23 16:20:04
4.116,3.549,3.8325,3.951,2014-02-23 16:20:08
4.116,3.549,3.8325,3.951,2014-02-23 16:20:17
4.116,3.549,3.8325,3.951,2014-02-23 16:20:18
4.116,3.549,3.8325,3.951,2014-02-23 16:20:28
4.116,3.549,3.8325,3.951,2014-02-23 16:20:29
4.116,3.549,3.8325,3.951,2014-02-23 16:20:39
4.116,3.549,3.8325,3.951,2014-02-23 16:20:39
4.116,3.549,3.8325,3.951,2014-02-23 16:20:50
4.116,3.549,3.8325,3.951,2014-02-23 16:20:53
4.116,3.549,3.8325,3.951,2014-02-23 16:21:01
4.116,3.549,3.8325,3.951,2014-02-23 16:21:06
4.116,3.549,3.8325,3.951,2014-02-23 16:21:13
4.116,3.549,3.8325,3.951,2014-02-23 16:21:16
4.116,3.549,3.8325,3.951,2014-02-23 16:21:25
4.116,3.549,3.8325,3.951,2014-02-23 16:21:26
4.116,3.549,3.8325,3.951,2014-02-23 16:21:36
4.116,3.549,3.8325,3.951,2014-02-23 16:21:37
4.116,3.549,3.8325,3.951,2014-02-23 16:21:50
4.116,3.549,3.8325,3.951,2014-02-23 16:21:50
4.116,3.549,3.8325,3.951,2014-02-23 16:22:00
4.116,3.549,3.8325,3.951,2014-02-23 16:22:01
4.116,3.549,3.8325,3.951,2014-02-23 16:22:11
4.116,3.549,3.8325,3.951,2014-02-23 16:22:15
4.116,3.549,3.8325,4.0,2014-02-23 16:22:22
4.116,3.549,3.8325,4.0,2014-02-23 16:22:25
